"symbol","side","price","amount","timestamp"
"BTC-USD","sell",25741.02,0.02188038,"2023-09-05T16:00:01.281719Z"
"BTC-USD","buy",25741.03,0.00184646,"2023-09-05T16:00:01.775613Z"
"BTC-USD","buy",25741.03,3.844E-5,"2023-09-05T16:00:02.722748Z"
"BTC-USD","sell",25741.02,0.00588556,"2023-09-05T16:00:03.465915Z"
"BTC-USD","buy",25741.03,0.01233132,"2023-09-05T16:00:03.830519Z"
"BTC-USD","sell",25741.02,9.7121E-4,"2023-09-05T16:00:03.935496Z"
"BTC-USD","sell",25741.02,0.0334299,"2023-09-05T16:00:05.060297Z"
"BTC-USD","buy",25741.03,0.01610549,"2023-09-05T16:00:05.273024Z"
"BTC-USD","buy",25741.03,0.00203838,"2023-09-05T16:00:05.498001Z"
"BTC-USD","buy",25741.03,0.01104302,"2023-09-05T16:00:05.795526Z"
"BTC-USD","sell",25741.02,0.004,"2023-09-05T16:00:05.958839Z"
"BTC-USD","sell",25738.57,0.06499138,"2023-09-05T16:00:05.958906Z"
"BTC-USD","buy",25738.2,0.00184646,"2023-09-05T16:00:06.092032Z"
"BTC-USD","buy",25738.2,0.0189477,"2023-09-05T16:00:06.603121Z"
"BTC-USD","buy",25738.2,0.00100034,"2023-09-05T16:00:06.656118Z"
"BTC-USD","buy",25738.2,0.00127578,"2023-09-05T16:00:07.121093Z"
"BTC-USD","buy",25738.2,0.00178327,"2023-09-05T16:00:07.808793Z"
"BTC-USD","buy",25738.2,0.00188471,"2023-09-05T16:00:07.907660Z"
"BTC-USD","buy",25740.66,0.00469712,"2023-09-05T16:00:09.455732Z"
"BTC-USD","buy",25739.97,0.00185579,"2023-09-05T16:00:10.361691Z"
"BTC-USD","sell",25739.7,0.077,"2023-09-05T16:00:10.717236Z"
"BTC-USD","sell",25738.49,0.09713077,"2023-09-05T16:00:10.723746Z"
"BTC-USD","buy",25735.62,0.0015493,"2023-09-05T16:00:10.998774Z"
"BTC-USD","buy",25735.95,0.00156608,"2023-09-05T16:00:11.051516Z"
"BTC-USD","sell",25735.94,0.09714041,"2023-09-05T16:00:11.191559Z"
"BTC-USD","buy",25736.9,0.00469413,"2023-09-05T16:00:13.552486Z"
"BTC-USD","buy",25736.9,0.00172124,"2023-09-05T16:00:14.639194Z"
"BTC-USD","sell",25735.9,0.09714057,"2023-09-05T16:00:14.872558Z"
"BTC-USD","sell",25735.83,0.09616102,"2023-09-05T16:00:15.612185Z"
"BTC-USD","buy",25735.84,5.1965E-4,"2023-09-05T16:00:15.830931Z"
"BTC-USD","sell",25735.83,0.0971408,"2023-09-05T16:00:15.848943Z"
"BTC-USD","buy",25736.22,0.03751174,"2023-09-05T16:00:17.282046Z"
"BTC-USD","sell",25739.08,1.8214E-4,"2023-09-05T16:00:17.562295Z"
"BTC-USD","sell",25738.14,0.004,"2023-09-05T16:00:17.565474Z"
"BTC-USD","sell",25736.24,0.27,"2023-09-05T16:00:17.992276Z"
"BTC-USD","sell",25736.23,1.0,"2023-09-05T16:00:18.214808Z"
"BTC-USD","buy",25739.09,0.37626065,"2023-09-05T16:00:18.669487Z"
"BTC-USD","sell",25740.0,0.01763579,"2023-09-05T16:00:19.342134Z"
"BTC-USD","sell",25739.67,0.00199104,"2023-09-05T16:00:20.033748Z"
"BTC-USD","sell",25739.71,0.00195214,"2023-09-05T16:00:20.626852Z"
"BTC-USD","sell",25739.88,0.04309333,"2023-09-05T16:00:21.240370Z"
"BTC-USD","buy",25741.03,0.00211553,"2023-09-05T16:00:22.199353Z"
"BTC-USD","sell",25740.37,0.2085,"2023-09-05T16:00:22.212436Z"
"BTC-USD","sell",25740.28,0.176,"2023-09-05T16:00:22.541502Z"
"BTC-USD","buy",25741.03,2.563E-5,"2023-09-05T16:00:22.626464Z"
"BTC-USD","sell",25741.52,0.00480548,"2023-09-05T16:00:22.652278Z"
"BTC-USD","buy",25741.53,1.0314E-4,"2023-09-05T16:00:22.669635Z"
"BTC-USD","buy",25741.96,0.01,"2023-09-05T16:00:23.286067Z"
"BTC-USD","buy",25743.0,7.8158E-4,"2023-09-05T16:00:23.286103Z"
"BTC-USD","sell",25743.01,0.0013284,"2023-09-05T16:00:23.311440Z"
"BTC-USD","buy",25743.92,0.01661354,"2023-09-05T16:00:23.528930Z"
"BTC-USD","sell",25743.89,0.02641489,"2023-09-05T16:00:24.315154Z"
"BTC-USD","sell",25743.1,0.02313796,"2023-09-05T16:00:24.685937Z"
"BTC-USD","buy",25743.81,1.4833E-4,"2023-09-05T16:00:24.695606Z"
"BTC-USD","buy",25745.72,3.1181E-4,"2023-09-05T16:00:26.672168Z"
"BTC-USD","buy",25745.71,1.95E-4,"2023-09-05T16:00:27.971670Z"
"BTC-USD","buy",25745.71,0.00404502,"2023-09-05T16:00:30.560462Z"
"BTC-USD","sell",25745.7,1.95E-4,"2023-09-05T16:00:30.828474Z"
"BTC-USD","buy",25745.71,7.615E-5,"2023-09-05T16:00:31.001327Z"
"BTC-USD","sell",25745.7,8.9368E-4,"2023-09-05T16:00:33.226580Z"
"BTC-USD","buy",25745.71,0.00115437,"2023-09-05T16:00:33.412952Z"
"BTC-USD","buy",25745.71,7.1191E-4,"2023-09-05T16:00:35.127448Z"
"BTC-USD","buy",25745.71,0.00326053,"2023-09-05T16:00:36.465986Z"
"BTC-USD","buy",25745.71,3.2989E-4,"2023-09-05T16:00:36.683404Z"
"BTC-USD","sell",25745.7,0.00392303,"2023-09-05T16:00:38.122284Z"
"BTC-USD","buy",25741.25,0.0018269,"2023-09-05T16:00:39.435017Z"
"BTC-USD","sell",25741.6,0.004,"2023-09-05T16:00:45.070542Z"
"BTC-USD","buy",25741.06,0.01845966,"2023-09-05T16:00:45.227567Z"
"BTC-USD","buy",25741.47,0.00367328,"2023-09-05T16:00:45.657011Z"
"BTC-USD","sell",25742.14,1.635E-4,"2023-09-05T16:00:47.269472Z"
"BTC-USD","buy",25742.15,0.00373033,"2023-09-05T16:00:48.517888Z"
"BTC-USD","sell",25742.14,0.019,"2023-09-05T16:00:48.811764Z"
"BTC-USD","sell",25741.03,0.001,"2023-09-05T16:00:49.145849Z"
"BTC-USD","buy",25742.04,0.1064448,"2023-09-05T16:00:49.276484Z"
"BTC-USD","sell",25741.18,1.1735E-4,"2023-09-05T16:00:49.610747Z"
"BTC-USD","buy",25743.98,0.05617763,"2023-09-05T16:00:50.001353Z"
"BTC-USD","buy",25742.29,0.00146973,"2023-09-05T16:00:51.774714Z"
"BTC-USD","sell",25742.29,0.02906238,"2023-09-05T16:00:52.632235Z"
"BTC-USD","buy",25742.09,0.00369764,"2023-09-05T16:00:52.804352Z"
"BTC-USD","sell",25742.19,0.001,"2023-09-05T16:00:55.707775Z"
"BTC-USD","sell",25742.23,0.00556562,"2023-09-05T16:00:56.130012Z"
"BTC-USD","buy",25742.21,7.8881E-4,"2023-09-05T16:00:57.569613Z"
"BTC-USD","buy",25741.54,3.8599E-4,"2023-09-05T16:00:59.448195Z"
"BTC-USD","buy",25741.54,3.878E-5,"2023-09-05T16:01:01.478373Z"
"BTC-USD","buy",25741.54,7.1029E-4,"2023-09-05T16:01:03.671156Z"
"BTC-USD","buy",25741.03,0.01479221,"2023-09-05T16:01:05.308225Z"
"BTC-USD","sell",25739.86,0.03665672,"2023-09-05T16:01:06.226452Z"
"BTC-USD","sell",25739.95,0.0059963,"2023-09-05T16:01:06.529884Z"
"BTC-USD","buy",25739.68,0.04591335,"2023-09-05T16:01:08.546621Z"
"BTC-USD","buy",25739.67,1.94E-4,"2023-09-05T16:01:08.652666Z"
"BTC-USD","buy",25739.65,0.00581622,"2023-09-05T16:01:08.670993Z"
"BTC-USD","buy",25739.68,0.002,"2023-09-05T16:01:08.695086Z"
"BTC-USD","buy",25739.86,4.2129E-4,"2023-09-05T16:01:09.352859Z"
"BTC-USD","sell",25739.4,0.09771122,"2023-09-05T16:01:09.958843Z"
"BTC-USD","sell",25739.47,0.00168719,"2023-09-05T16:01:10.034360Z"
"BTC-USD","buy",25741.2,9.615E-4,"2023-09-05T16:01:10.559724Z"
"BTC-USD","buy",25741.14,9.6305E-4,"2023-09-05T16:01:10.861440Z"
"BTC-USD","buy",25741.14,3.8E-7,"2023-09-05T16:01:10.892296Z"
"BTC-USD","buy",25739.47,0.00361,"2023-09-05T16:01:12.492707Z"
"BTC-USD","buy",25739.47,0.00652742,"2023-09-05T16:01:12.965261Z"
"BTC-USD","buy",25740.03,0.00373033,"2023-09-05T16:01:13.173434Z"
"BTC-USD","buy",25740.05,6.0387E-4,"2023-09-05T16:01:14.633191Z"
"BTC-USD","sell",25739.47,0.00980957,"2023-09-05T16:01:15.126005Z"
"BTC-USD","buy",25740.25,0.00184643,"2023-09-05T16:01:15.825223Z"
"BTC-USD","buy",25739.47,1.523E-4,"2023-09-05T16:01:15.856460Z"
"BTC-USD","buy",25741.15,0.0027925,"2023-09-05T16:01:16.606041Z"
"BTC-USD","buy",25741.1,0.00373104,"2023-09-05T16:01:17.316439Z"
"BTC-USD","buy",25741.15,0.00185571,"2023-09-05T16:01:17.521289Z"
"BTC-USD","buy",25741.54,3.279E-5,"2023-09-05T16:01:17.615726Z"
"BTC-USD","sell",25741.53,1.6145E-4,"2023-09-05T16:01:17.639202Z"
"BTC-USD","sell",25741.1,0.00862055,"2023-09-05T16:01:17.761125Z"
"BTC-USD","sell",25741.1,0.005816,"2023-09-05T16:01:17.979124Z"
"BTC-USD","sell",25740.57,4.9424E-4,"2023-09-05T16:01:18.052009Z"
"BTC-USD","sell",25740.57,7.0629E-4,"2023-09-05T16:01:18.608221Z"
"BTC-USD","buy",25741.44,0.00318064,"2023-09-05T16:01:18.766877Z"
"BTC-USD","buy",25741.42,0.00152288,"2023-09-05T16:01:20.854424Z"
"BTC-USD","buy",25741.42,0.00961544,"2023-09-05T16:01:21.117497Z"
"BTC-USD","buy",25741.37,0.00185579,"2023-09-05T16:01:21.923845Z"
"BTC-USD","buy",25741.4,6.72E-6,"2023-09-05T16:01:22.538193Z"
"BTC-USD","buy",25740.89,1.9075E-4,"2023-09-05T16:01:23.764072Z"
"BTC-USD","buy",25741.26,0.00175696,"2023-09-05T16:01:27.172126Z"
"BTC-USD","buy",25741.26,1.9327E-4,"2023-09-05T16:01:28.475843Z"
"BTC-USD","buy",25741.26,0.08918262,"2023-09-05T16:01:30.494700Z"
"BTC-USD","buy",25741.26,1.2604E-4,"2023-09-05T16:01:30.701562Z"
"BTC-USD","buy",25741.26,0.00369825,"2023-09-05T16:01:31.817344Z"
"BTC-USD","buy",25741.26,0.00795799,"2023-09-05T16:01:31.947279Z"
"BTC-USD","buy",25741.26,0.00161568,"2023-09-05T16:01:32.289957Z"
"BTC-USD","buy",25741.26,3.8599E-4,"2023-09-05T16:01:34.483534Z"
"BTC-USD","buy",25741.26,0.00373102,"2023-09-05T16:01:38.160016Z"
"BTC-USD","sell",25741.25,7.7699E-4,"2023-09-05T16:01:38.336900Z"
"BTC-USD","buy",25738.86,1.9018E-4,"2023-09-05T16:01:39.352206Z"
"BTC-USD","buy",25739.84,0.00143843,"2023-09-05T16:01:40.048162Z"
"BTC-USD","buy",25740.71,0.0036738,"2023-09-05T16:01:40.094365Z"
"BTC-USD","buy",25739.96,0.00369828,"2023-09-05T16:01:40.449459Z"
"BTC-USD","sell",25738.91,0.03,"2023-09-05T16:01:40.932854Z"
"BTC-USD","sell",25738.85,0.0117718,"2023-09-05T16:01:41.086699Z"
"BTC-USD","sell",25738.85,9.71E-4,"2023-09-05T16:01:42.057136Z"
"BTC-USD","sell",25738.29,9.802E-5,"2023-09-05T16:01:42.827152Z"
"BTC-USD","buy",25739.22,0.00106781,"2023-09-05T16:01:43.229453Z"
"BTC-USD","buy",25738.85,4.728E-5,"2023-09-05T16:01:45.736172Z"
"BTC-USD","sell",25738.28,0.03,"2023-09-05T16:01:46.060518Z"
"BTC-USD","sell",25738.28,0.00118425,"2023-09-05T16:01:46.073640Z"
"BTC-USD","sell",25737.0,0.03,"2023-09-05T16:01:46.081859Z"
"BTC-USD","buy",25736.05,0.15156565,"2023-09-05T16:01:46.613060Z"
"BTC-USD","sell",25735.86,0.0971407,"2023-09-05T16:01:46.859805Z"
"BTC-USD","buy",25736.17,3.4652E-4,"2023-09-05T16:01:48.259776Z"
"BTC-USD","buy",25736.91,0.0026325,"2023-09-05T16:01:49.844871Z"
"BTC-USD","buy",25737.2,0.00983808,"2023-09-05T16:01:49.901818Z"
"BTC-USD","buy",25737.17,0.00296178,"2023-09-05T16:01:50.027988Z"
"BTC-USD","sell",25735.78,0.00183091,"2023-09-05T16:01:50.048387Z"
"BTC-USD","buy",25737.14,5.7694E-4,"2023-09-05T16:01:50.081271Z"
"BTC-USD","buy",25737.13,0.00126966,"2023-09-05T16:01:50.450757Z"
"BTC-USD","sell",25736.35,6.887E-5,"2023-09-05T16:01:51.095366Z"
"BTC-USD","buy",25737.13,0.01894753,"2023-09-05T16:01:51.156153Z"
"BTC-USD","sell",25737.19,0.00333593,"2023-09-05T16:01:51.862048Z"
"BTC-USD","sell",25736.66,0.00505638,"2023-09-05T16:01:52.764667Z"
"BTC-USD","buy",25737.31,0.05,"2023-09-05T16:01:54.377903Z"
"BTC-USD","sell",25739.23,0.00965094,"2023-09-05T16:01:54.572428Z"
"BTC-USD","sell",25739.13,0.005816,"2023-09-05T16:01:54.790473Z"
"BTC-USD","sell",25739.05,0.09687136,"2023-09-05T16:01:55.040407Z"
"BTC-USD","sell",25738.25,0.005816,"2023-09-05T16:01:55.260358Z"
"BTC-USD","buy",25738.2,0.02,"2023-09-05T16:01:55.269730Z"
"BTC-USD","sell",25739.06,0.00470944,"2023-09-05T16:01:55.289042Z"
"BTC-USD","buy",25739.81,0.0139254,"2023-09-05T16:01:55.472736Z"
"BTC-USD","buy",25738.41,0.01190521,"2023-09-05T16:01:55.561120Z"
"BTC-USD","sell",25738.58,0.06980487,"2023-09-05T16:01:55.678021Z"
"BTC-USD","sell",25738.19,0.072,"2023-09-05T16:01:55.905949Z"
"BTC-USD","buy",25739.7,0.00370863,"2023-09-05T16:01:55.989533Z"
"BTC-USD","buy",25739.68,0.0011856,"2023-09-05T16:01:56.539899Z"
"BTC-USD","sell",25738.68,0.001,"2023-09-05T16:01:56.931197Z"
"BTC-USD","sell",25739.13,0.09712838,"2023-09-05T16:01:57.500705Z"
"BTC-USD","sell",25739.18,0.207,"2023-09-05T16:01:57.736573Z"
"BTC-USD","buy",25739.8,3.847E-5,"2023-09-05T16:01:58.548029Z"
"BTC-USD","buy",25739.8,0.00296206,"2023-09-05T16:01:58.602500Z"
"BTC-USD","sell",25739.17,0.15179156,"2023-09-05T16:01:58.931898Z"
"BTC-USD","buy",25739.98,1.256E-4,"2023-09-05T16:01:59.714565Z"
"BTC-USD","sell",25739.5,0.31867748,"2023-09-05T16:01:59.730827Z"
"BTC-USD","buy",25739.96,0.00184649,"2023-09-05T16:02:00.539182Z"
"BTC-USD","buy",25739.96,9.581E-5,"2023-09-05T16:02:00.552797Z"
"BTC-USD","sell",25739.59,0.37587336,"2023-09-05T16:02:01.392952Z"
"BTC-USD","buy",25739.98,9.71E-4,"2023-09-05T16:02:01.441438Z"
"BTC-USD","buy",25741.4,0.01264972,"2023-09-05T16:02:01.448494Z"
"BTC-USD","sell",25742.2,6.6412E-4,"2023-09-05T16:02:01.480582Z"
"BTC-USD","sell",25742.2,0.00265645,"2023-09-05T16:02:01.484837Z"
"BTC-USD","buy",25742.33,5.822E-5,"2023-09-05T16:02:01.492409Z"
"BTC-USD","sell",25743.73,0.00500001,"2023-09-05T16:02:01.507363Z"
"BTC-USD","sell",25743.72,0.21054524,"2023-09-05T16:02:01.674969Z"
"BTC-USD","buy",25744.22,0.058,"2023-09-05T16:02:01.743872Z"
"BTC-USD","sell",25743.51,0.072,"2023-09-05T16:02:02.094782Z"
"BTC-USD","buy",25742.76,0.0399423,"2023-09-05T16:02:02.110272Z"
"BTC-USD","sell",25742.75,0.04588531,"2023-09-05T16:02:02.314209Z"
"BTC-USD","sell",25742.75,0.09703804,"2023-09-05T16:02:02.747132Z"
"BTC-USD","buy",25742.76,0.058,"2023-09-05T16:02:02.761107Z"
"BTC-USD","buy",25742.76,0.038,"2023-09-05T16:02:02.813443Z"
"BTC-USD","sell",25741.58,0.0701088,"2023-09-05T16:02:02.972830Z"
"BTC-USD","buy",25741.62,0.038,"2023-09-05T16:02:02.996174Z"
"BTC-USD","buy",25742.14,3.4968E-4,"2023-09-05T16:02:06.483834Z"
"BTC-USD","sell",25740.92,0.01938342,"2023-09-05T16:02:07.733377Z"
"BTC-USD","sell",25741.03,0.22255736,"2023-09-05T16:02:08.014113Z"
"BTC-USD","sell",25741.57,0.44006883,"2023-09-05T16:02:08.242259Z"
"BTC-USD","buy",25742.14,9.7854E-4,"2023-09-05T16:02:08.268878Z"
"BTC-USD","sell",25741.49,0.51216379,"2023-09-05T16:02:08.459127Z"
"BTC-USD","buy",25740.95,0.01938342,"2023-09-05T16:02:08.485266Z"
"BTC-USD","buy",25742.37,3.4832E-4,"2023-09-05T16:02:09.364525Z"
"BTC-USD","buy",25741.8,0.00696167,"2023-09-05T16:02:11.350671Z"
"BTC-USD","buy",25740.96,0.00194962,"2023-09-05T16:02:12.525245Z"
"BTC-USD","buy",25740.96,1.1752E-4,"2023-09-05T16:02:12.890558Z"
"BTC-USD","buy",25740.96,0.0013122,"2023-09-05T16:02:13.539974Z"
"BTC-USD","buy",25740.96,0.00205751,"2023-09-05T16:02:16.220603Z"
"BTC-USD","buy",25740.96,0.00192289,"2023-09-05T16:02:16.737420Z"
"BTC-USD","buy",25740.96,0.00211849,"2023-09-05T16:02:17.280304Z"
"BTC-USD","buy",25740.96,5.6503E-4,"2023-09-05T16:02:17.783824Z"
"BTC-USD","buy",25740.96,1.7336E-4,"2023-09-05T16:02:18.013498Z"
"BTC-USD","buy",25740.96,0.00739725,"2023-09-05T16:02:18.349636Z"
"BTC-USD","buy",25740.96,0.00924679,"2023-09-05T16:02:18.639324Z"
"BTC-USD","buy",25740.96,0.0038657,"2023-09-05T16:02:19.769968Z"
"BTC-USD","buy",25740.96,7.5039E-4,"2023-09-05T16:02:20.035939Z"
"BTC-USD","buy",25740.96,0.01318713,"2023-09-05T16:02:20.770509Z"
"BTC-USD","buy",25740.96,0.00392335,"2023-09-05T16:02:21.462706Z"
"BTC-USD","sell",25740.95,0.0013603,"2023-09-05T16:02:21.621526Z"
"BTC-USD","buy",25742.94,0.03730758,"2023-09-05T16:02:23.866526Z"
"BTC-USD","sell",25740.97,0.00405463,"2023-09-05T16:02:23.895200Z"
"BTC-USD","buy",25742.81,1.2402E-4,"2023-09-05T16:02:24.917254Z"
"BTC-USD","buy",25742.42,1.6236E-4,"2023-09-05T16:02:25.207987Z"
"BTC-USD","sell",25742.41,0.00243891,"2023-09-05T16:02:27.632512Z"
"BTC-USD","sell",25738.9,0.04562559,"2023-09-05T16:02:28.737422Z"
"BTC-USD","buy",25738.91,0.058,"2023-09-05T16:02:29.232131Z"
"BTC-USD","sell",25738.86,0.02158039,"2023-09-05T16:02:30.728910Z"
"BTC-USD","buy",25738.87,0.0018558,"2023-09-05T16:02:31.817929Z"
"BTC-USD","sell",25735.9,0.04655903,"2023-09-05T16:02:32.350969Z"
"BTC-USD","buy",25737.89,7.119E-4,"2023-09-05T16:02:32.580030Z"
"BTC-USD","buy",25737.9,8.7547E-4,"2023-09-05T16:02:32.617302Z"
"BTC-USD","sell",25736.06,1.4568E-4,"2023-09-05T16:02:32.667522Z"
"BTC-USD","buy",25739.27,3.8602E-4,"2023-09-05T16:02:36.064857Z"
"BTC-USD","buy",25739.27,0.01925659,"2023-09-05T16:02:36.292016Z"
"BTC-USD","sell",25738.24,0.01831634,"2023-09-05T16:02:36.692744Z"
"BTC-USD","buy",25741.24,6.782E-5,"2023-09-05T16:02:37.797384Z"
"BTC-USD","buy",25740.17,0.01894775,"2023-09-05T16:02:38.480571Z"
"BTC-USD","buy",25738.8,0.00184636,"2023-09-05T16:02:40.687835Z"
"BTC-USD","buy",25738.8,0.04068602,"2023-09-05T16:02:41.905705Z"
"BTC-USD","buy",25737.75,0.00135444,"2023-09-05T16:02:42.760366Z"
"BTC-USD","sell",25737.74,0.019,"2023-09-05T16:02:43.212068Z"
"BTC-USD","sell",25736.03,0.00226011,"2023-09-05T16:02:44.055140Z"
"BTC-USD","buy",25735.38,0.00819267,"2023-09-05T16:02:44.069894Z"
"BTC-USD","sell",25734.62,0.00196207,"2023-09-05T16:02:44.544790Z"
"BTC-USD","buy",25734.63,0.00385409,"2023-09-05T16:02:44.595980Z"
"BTC-USD","buy",25734.63,3.846E-4,"2023-09-05T16:02:44.920752Z"
"BTC-USD","sell",25734.62,0.00113006,"2023-09-05T16:02:49.585619Z"
"BTC-USD","buy",25733.73,0.00196382,"2023-09-05T16:02:50.963877Z"
"BTC-USD","sell",25733.51,0.00388442,"2023-09-05T16:02:51.371897Z"
"BTC-USD","sell",25732.38,0.03926828,"2023-09-05T16:02:51.371991Z"
"BTC-USD","sell",25732.38,0.05788554,"2023-09-05T16:02:51.372026Z"
"BTC-USD","sell",25731.44,0.02121083,"2023-09-05T16:02:51.376403Z"
"BTC-USD","sell",25729.46,0.03,"2023-09-05T16:02:51.509980Z"
"BTC-USD","buy",25729.47,0.00107753,"2023-09-05T16:02:51.551393Z"
"BTC-USD","buy",25729.47,1.2223E-4,"2023-09-05T16:02:51.694942Z"
"BTC-USD","buy",25730.24,7.0329E-4,"2023-09-05T16:02:52.398246Z"
"BTC-USD","buy",25729.38,0.00367341,"2023-09-05T16:02:53.142821Z"
"BTC-USD","sell",25728.51,2.8251E-4,"2023-09-05T16:02:55.776998Z"
"BTC-USD","buy",25727.76,0.00369894,"2023-09-05T16:02:56.137906Z"
"BTC-USD","buy",25727.76,9.6002E-4,"2023-09-05T16:02:56.810355Z"
"BTC-USD","sell",25726.42,0.01385726,"2023-09-05T16:02:57.018201Z"
"BTC-USD","buy",25725.75,3.86E-5,"2023-09-05T16:02:57.298661Z"
"BTC-USD","buy",25725.01,0.01888072,"2023-09-05T16:02:57.792197Z"
"BTC-USD","buy",25725.01,0.01923864,"2023-09-05T16:02:58.924462Z"
"BTC-USD","sell",25723.33,0.0086931,"2023-09-05T16:02:58.958544Z"
"BTC-USD","sell",25722.73,0.04913137,"2023-09-05T16:02:59.690888Z"
"BTC-USD","sell",25722.73,1.6638E-4,"2023-09-05T16:03:00.083322Z"
"BTC-USD","buy",25724.5,0.001806,"2023-09-05T16:03:03.326771Z"
"BTC-USD","sell",25722.23,0.001,"2023-09-05T16:03:05.367738Z"
"BTC-USD","buy",25723.13,9.0923E-4,"2023-09-05T16:03:05.480689Z"
"BTC-USD","buy",25723.1,4.14E-6,"2023-09-05T16:03:06.057581Z"
"BTC-USD","sell",25722.24,0.00628183,"2023-09-05T16:03:06.278046Z"
"BTC-USD","buy",25722.75,0.03791901,"2023-09-05T16:03:06.739026Z"
"BTC-USD","buy",25722.93,0.00165463,"2023-09-05T16:03:06.767944Z"
"BTC-USD","sell",25720.87,2.0644E-4,"2023-09-05T16:03:08.329241Z"
"BTC-USD","buy",25721.46,4.815E-5,"2023-09-05T16:03:08.640983Z"
"BTC-USD","sell",25720.87,0.00157062,"2023-09-05T16:03:09.586707Z"
"BTC-USD","sell",25720.87,0.01503544,"2023-09-05T16:03:10.266166Z"
"BTC-USD","buy",25721.89,0.00110403,"2023-09-05T16:03:11.340049Z"
"BTC-USD","sell",25720.88,5.98E-5,"2023-09-05T16:03:11.651650Z"
"BTC-USD","buy",25721.97,7.763E-4,"2023-09-05T16:03:11.746308Z"
"BTC-USD","sell",25720.87,0.01020896,"2023-09-05T16:03:11.969639Z"
"BTC-USD","buy",25723.01,7.1591E-4,"2023-09-05T16:03:14.525680Z"
"BTC-USD","sell",25721.96,5.4495E-4,"2023-09-05T16:03:16.139273Z"
"BTC-USD","buy",25722.59,3.529E-5,"2023-09-05T16:03:16.691307Z"
"BTC-USD","buy",25722.59,0.0035747,"2023-09-05T16:03:16.944689Z"
"BTC-USD","buy",25724.11,0.03252962,"2023-09-05T16:03:20.442192Z"
"BTC-USD","buy",25724.44,1.1277E-4,"2023-09-05T16:03:20.531570Z"
"BTC-USD","buy",25724.03,9.709E-5,"2023-09-05T16:03:21.755830Z"
"BTC-USD","buy",25723.83,0.00165519,"2023-09-05T16:03:22.200954Z"
"BTC-USD","sell",25723.23,5.892E-5,"2023-09-05T16:03:22.583388Z"
"BTC-USD","buy",25724.26,4.82E-6,"2023-09-05T16:03:23.075855Z"
"BTC-USD","sell",25723.25,4.4516E-4,"2023-09-05T16:03:26.220345Z"
"BTC-USD","buy",25723.26,0.02054337,"2023-09-05T16:03:29.670804Z"
"BTC-USD","buy",25723.26,9.0873E-4,"2023-09-05T16:03:30.003971Z"
"BTC-USD","buy",25723.26,1.932E-4,"2023-09-05T16:03:31.075017Z"
"BTC-USD","buy",25723.26,0.00278524,"2023-09-05T16:03:31.106539Z"
"BTC-USD","buy",25723.26,0.00127461,"2023-09-05T16:03:31.197242Z"
"BTC-USD","buy",25723.26,1.69E-5,"2023-09-05T16:03:31.197409Z"
"BTC-USD","sell",25724.63,0.00423436,"2023-09-05T16:03:31.233659Z"
"BTC-USD","sell",25725.0,0.05006441,"2023-09-05T16:03:31.560343Z"
"BTC-USD","buy",25725.01,0.01013821,"2023-09-05T16:03:32.286704Z"
"BTC-USD","buy",25725.01,3.88E-6,"2023-09-05T16:03:32.313617Z"
"BTC-USD","buy",25725.01,3.8683E-4,"2023-09-05T16:03:32.339332Z"
"BTC-USD","buy",25725.01,0.00833543,"2023-09-05T16:03:34.345716Z"
"BTC-USD","buy",25725.01,0.00211718,"2023-09-05T16:03:34.345794Z"
"BTC-USD","buy",25730.15,0.00462591,"2023-09-05T16:03:34.597588Z"
"BTC-USD","buy",25729.91,1.12E-5,"2023-09-05T16:03:34.649605Z"
"BTC-USD","buy",25729.91,0.0018477,"2023-09-05T16:03:36.681252Z"
"BTC-USD","buy",25729.91,0.01896014,"2023-09-05T16:03:37.124571Z"
"BTC-USD","buy",25729.91,0.0013089,"2023-09-05T16:03:38.479046Z"
"BTC-USD","sell",25729.9,0.00141603,"2023-09-05T16:03:39.856719Z"
"BTC-USD","sell",25725.92,0.1764393,"2023-09-05T16:03:39.978571Z"
"BTC-USD","sell",25726.15,0.00135409,"2023-09-05T16:03:40.408704Z"
"BTC-USD","sell",25726.14,0.00287603,"2023-09-05T16:03:41.051255Z"
"BTC-USD","buy",25726.15,4.0447E-4,"2023-09-05T16:03:41.707986Z"
"BTC-USD","sell",25726.14,9.68E-5,"2023-09-05T16:03:41.823415Z"
"BTC-USD","buy",25726.15,0.00114697,"2023-09-05T16:03:43.458479Z"
"BTC-USD","buy",25726.15,1.1211E-4,"2023-09-05T16:03:44.578845Z"
"BTC-USD","buy",25726.15,6.6473E-4,"2023-09-05T16:03:44.656306Z"
"BTC-USD","buy",25726.15,1.106E-5,"2023-09-05T16:03:44.936041Z"
"BTC-USD","buy",25726.15,7.7342E-4,"2023-09-05T16:03:45.775051Z"
"BTC-USD","buy",25726.15,0.00115468,"2023-09-05T16:03:47.152333Z"
"BTC-USD","sell",25723.97,0.07503494,"2023-09-05T16:03:48.169018Z"
"BTC-USD","sell",25720.78,0.14680741,"2023-09-05T16:03:48.439513Z"
"BTC-USD","buy",25722.07,0.10339767,"2023-09-05T16:03:48.938657Z"
"BTC-USD","buy",25722.06,9.0476E-4,"2023-09-05T16:03:48.961217Z"
"BTC-USD","buy",25722.17,0.03,"2023-09-05T16:03:49.117924Z"
"BTC-USD","buy",25722.36,0.15338178,"2023-09-05T16:03:49.117935Z"
"BTC-USD","buy",25723.44,0.0999134,"2023-09-05T16:03:49.123508Z"
"BTC-USD","buy",25725.2,0.01782864,"2023-09-05T16:03:50.316084Z"
"BTC-USD","buy",25725.2,1.5511E-4,"2023-09-05T16:03:50.547055Z"
"BTC-USD","sell",25725.19,0.004,"2023-09-05T16:03:53.182866Z"
"BTC-USD","buy",25721.88,0.05139954,"2023-09-05T16:03:54.144190Z"
"BTC-USD","sell",25721.37,1.94E-4,"2023-09-05T16:03:54.172003Z"
"BTC-USD","sell",25721.76,6.4576E-4,"2023-09-05T16:03:55.297039Z"
"BTC-USD","sell",25720.64,0.00430685,"2023-09-05T16:03:56.277180Z"
"BTC-USD","buy",25721.46,1.065E-5,"2023-09-05T16:03:56.387727Z"
"BTC-USD","sell",25720.65,0.00472804,"2023-09-05T16:03:57.170248Z"
"BTC-USD","sell",25721.1,0.004,"2023-09-05T16:03:59.107068Z"
"BTC-USD","sell",25720.12,0.09720014,"2023-09-05T16:03:59.110168Z"
"BTC-USD","buy",25720.16,0.00370059,"2023-09-05T16:03:59.396857Z"
"BTC-USD","buy",25720.16,4.1138E-4,"2023-09-05T16:04:00.808268Z"
"BTC-USD","sell",25715.93,0.07231843,"2023-09-05T16:04:01.121027Z"
"BTC-USD","sell",25718.17,1.2208E-4,"2023-09-05T16:04:05.151403Z"
"BTC-USD","buy",25718.18,7.58E-6,"2023-09-05T16:04:06.491651Z"
"BTC-USD","sell",25718.17,0.01183174,"2023-09-05T16:04:07.734092Z"
"BTC-USD","sell",25718.17,0.02795656,"2023-09-05T16:04:07.844003Z"
"BTC-USD","buy",25718.18,0.13,"2023-09-05T16:04:08.616504Z"
"BTC-USD","buy",25718.18,0.00330031,"2023-09-05T16:04:08.616535Z"
"BTC-USD","sell",25719.24,0.00193948,"2023-09-05T16:04:08.652786Z"
"BTC-USD","buy",25721.77,1.0715E-4,"2023-09-05T16:04:09.559309Z"
"BTC-USD","buy",25721.77,0.11479535,"2023-09-05T16:04:10.048333Z"
"BTC-USD","sell",25721.76,9.6098E-4,"2023-09-05T16:04:11.058178Z"
"BTC-USD","sell",25719.56,0.00340671,"2023-09-05T16:04:11.119002Z"
"BTC-USD","sell",25718.6,0.00176952,"2023-09-05T16:04:12.249512Z"
"BTC-USD","sell",25718.62,0.001,"2023-09-05T16:04:13.177916Z"
"BTC-USD","sell",25718.34,0.01688823,"2023-09-05T16:04:13.519918Z"
"BTC-USD","buy",25718.36,0.00599049,"2023-09-05T16:04:13.984318Z"
"BTC-USD","buy",25720.12,0.00386832,"2023-09-05T16:04:14.506936Z"
"BTC-USD","sell",25720.15,6.0817E-4,"2023-09-05T16:04:16.159919Z"
"BTC-USD","buy",25720.16,0.00290825,"2023-09-05T16:04:16.275776Z"
"BTC-USD","buy",25720.16,7.49E-6,"2023-09-05T16:04:16.479908Z"
"BTC-USD","buy",25718.69,4.6E-5,"2023-09-05T16:04:17.109039Z"
"BTC-USD","buy",25718.68,0.00204058,"2023-09-05T16:04:18.990668Z"
"BTC-USD","buy",25718.68,0.01115792,"2023-09-05T16:04:19.708066Z"
"BTC-USD","buy",25718.68,1.4006E-4,"2023-09-05T16:04:22.146728Z"
"BTC-USD","buy",25720.48,0.00348018,"2023-09-05T16:04:22.961327Z"
"BTC-USD","buy",25718.71,0.00408716,"2023-09-05T16:04:23.440731Z"
"BTC-USD","buy",25718.71,0.00150106,"2023-09-05T16:04:24.106241Z"
"BTC-USD","buy",25718.71,4.259E-4,"2023-09-05T16:04:24.374983Z"
"BTC-USD","buy",25720.21,0.01122606,"2023-09-05T16:04:25.464858Z"
"BTC-USD","buy",25720.25,9.0475E-4,"2023-09-05T16:04:25.815531Z"
"BTC-USD","buy",25720.25,0.00314916,"2023-09-05T16:04:25.851141Z"
"BTC-USD","buy",25720.25,0.0086977,"2023-09-05T16:04:26.891599Z"
"BTC-USD","buy",25720.25,0.00373424,"2023-09-05T16:04:28.911145Z"
"BTC-USD","buy",25720.25,1.8864E-4,"2023-09-05T16:04:29.448313Z"
"BTC-USD","sell",25720.24,0.00196343,"2023-09-05T16:04:29.515835Z"
"BTC-USD","sell",25718.17,0.00449718,"2023-09-05T16:04:30.951510Z"
"BTC-USD","buy",25718.18,0.001,"2023-09-05T16:04:31.201486Z"
"BTC-USD","buy",25718.18,7.39E-6,"2023-09-05T16:04:31.325038Z"
"BTC-USD","sell",25718.17,7.8537E-4,"2023-09-05T16:04:32.127172Z"
"BTC-USD","sell",25718.17,1.367E-4,"2023-09-05T16:04:32.228898Z"
"BTC-USD","buy",25718.18,3.888E-5,"2023-09-05T16:04:32.660312Z"
"BTC-USD","sell",25718.17,0.00353447,"2023-09-05T16:04:33.692218Z"
"BTC-USD","buy",25718.18,0.003734,"2023-09-05T16:04:34.490780Z"
"BTC-USD","buy",25719.23,0.00146313,"2023-09-05T16:04:36.860591Z"
"BTC-USD","buy",25719.2,0.00375289,"2023-09-05T16:04:36.918917Z"
"BTC-USD","buy",25719.12,0.002,"2023-09-05T16:04:37.453772Z"
"BTC-USD","sell",25718.26,0.00536194,"2023-09-05T16:04:37.696777Z"
"BTC-USD","buy",25718.18,6.33E-6,"2023-09-05T16:04:41.564423Z"
"BTC-USD","buy",25718.18,6.6493E-4,"2023-09-05T16:04:41.707101Z"
"BTC-USD","buy",25718.18,0.00184803,"2023-09-05T16:04:42.483884Z"
"BTC-USD","buy",25718.18,0.0016555,"2023-09-05T16:04:44.284706Z"
"BTC-USD","buy",25718.18,0.00192471,"2023-09-05T16:04:44.941185Z"
"BTC-USD","sell",25718.17,0.33205627,"2023-09-05T16:04:45.233285Z"
"BTC-USD","sell",25718.17,0.17662428,"2023-09-05T16:04:45.233298Z"
"BTC-USD","sell",25718.17,7.7763E-4,"2023-09-05T16:04:45.233417Z"
"BTC-USD","sell",25717.89,0.09720858,"2023-09-05T16:04:45.240744Z"
"BTC-USD","sell",25716.53,0.1597,"2023-09-05T16:04:45.261147Z"
"BTC-USD","sell",25715.93,0.03035,"2023-09-05T16:04:45.286931Z"
"BTC-USD","sell",25714.98,0.01194373,"2023-09-05T16:04:45.359867Z"
"BTC-USD","buy",25714.11,0.00107039,"2023-09-05T16:04:45.961131Z"
"BTC-USD","buy",25714.11,0.03297978,"2023-09-05T16:04:48.740783Z"
"BTC-USD","sell",25715.4,0.00405017,"2023-09-05T16:04:48.776506Z"
"BTC-USD","sell",25718.27,0.004,"2023-09-05T16:04:49.194802Z"
"BTC-USD","buy",25718.54,0.02,"2023-09-05T16:04:50.424380Z"
"BTC-USD","buy",25720.25,0.01854682,"2023-09-05T16:04:50.424402Z"
"BTC-USD","buy",25720.25,0.02,"2023-09-05T16:04:50.424418Z"
"BTC-USD","buy",25720.25,0.02,"2023-09-05T16:04:50.424438Z"
"BTC-USD","buy",25720.55,1.5436E-4,"2023-09-05T16:04:53.093702Z"
"BTC-USD","buy",25720.55,0.22,"2023-09-05T16:04:53.567186Z"
"BTC-USD","buy",25720.55,0.00999999,"2023-09-05T16:04:53.585239Z"
"BTC-USD","sell",25721.76,0.08786236,"2023-09-05T16:04:54.450615Z"
"BTC-USD","sell",25721.76,0.14130992,"2023-09-05T16:04:55.024945Z"
"BTC-USD","buy",25721.77,0.00156594,"2023-09-05T16:04:57.140610Z"
"BTC-USD","buy",25721.77,0.00567503,"2023-09-05T16:04:57.766401Z"
"BTC-USD","buy",25725.16,0.33076042,"2023-09-05T16:04:57.769810Z"
"BTC-USD","sell",25725.59,6.6383E-4,"2023-09-05T16:04:57.801278Z"
"BTC-USD","buy",25726.6,0.03119225,"2023-09-05T16:04:58.079197Z"
"BTC-USD","buy",25726.73,0.00397083,"2023-09-05T16:04:58.702192Z"
"BTC-USD","buy",25726.72,0.01110518,"2023-09-05T16:04:58.885849Z"
"BTC-USD","buy",25726.72,0.0379285,"2023-09-05T16:04:59.213402Z"
"BTC-USD","sell",25726.71,2.9669E-4,"2023-09-05T16:05:01.061214Z"
"BTC-USD","sell",25726.71,0.00356685,"2023-09-05T16:05:01.075292Z"
"BTC-USD","sell",25726.71,0.00139052,"2023-09-05T16:05:01.201668Z"
"BTC-USD","sell",25726.71,9.3989E-4,"2023-09-05T16:05:01.330964Z"
"BTC-USD","buy",25726.72,9.382E-5,"2023-09-05T16:05:01.813692Z"
"BTC-USD","buy",25726.72,8.4444E-4,"2023-09-05T16:05:03.935744Z"
"BTC-USD","buy",25729.25,0.00511905,"2023-09-05T16:05:03.979727Z"
"BTC-USD","buy",25730.28,0.02243702,"2023-09-05T16:05:04.569178Z"
"BTC-USD","sell",25730.76,0.00156297,"2023-09-05T16:05:05.662616Z"
"BTC-USD","buy",25730.83,0.00133405,"2023-09-05T16:05:05.957120Z"
"BTC-USD","buy",25730.83,0.01094916,"2023-09-05T16:05:06.419924Z"
"BTC-USD","buy",25729.29,0.00297899,"2023-09-05T16:05:06.814359Z"
"BTC-USD","sell",25729.28,4.6E-5,"2023-09-05T16:05:07.053797Z"
"BTC-USD","sell",25729.28,0.04052961,"2023-09-05T16:05:07.188112Z"
"BTC-USD","buy",25729.29,1.3383E-4,"2023-09-05T16:05:08.328843Z"
"BTC-USD","sell",25729.28,0.0010795,"2023-09-05T16:05:08.574264Z"
"BTC-USD","sell",25729.28,0.02582497,"2023-09-05T16:05:08.926466Z"
"BTC-USD","sell",25729.28,5.831E-5,"2023-09-05T16:05:09.130682Z"
"BTC-USD","buy",25729.29,3.4672E-4,"2023-09-05T16:05:10.816018Z"
"BTC-USD","buy",25729.29,9.1771E-4,"2023-09-05T16:05:11.264647Z"
"BTC-USD","sell",25729.28,8.832E-5,"2023-09-05T16:05:11.689476Z"
"BTC-USD","buy",25729.53,5.825E-5,"2023-09-05T16:05:11.709127Z"
"BTC-USD","sell",25733.67,1.0764E-4,"2023-09-05T16:05:13.941627Z"
"BTC-USD","sell",25733.67,1.0E-4,"2023-09-05T16:05:16.162044Z"
"BTC-USD","buy",25732.99,3.906E-5,"2023-09-05T16:05:17.791991Z"
"BTC-USD","sell",25732.98,0.004,"2023-09-05T16:05:18.026664Z"
"BTC-USD","buy",25730.93,0.03847098,"2023-09-05T16:05:18.484097Z"
"BTC-USD","sell",25730.92,0.00760436,"2023-09-05T16:05:18.934823Z"
"BTC-USD","buy",25730.93,0.17326457,"2023-09-05T16:05:20.525414Z"
"BTC-USD","buy",25730.93,0.03658398,"2023-09-05T16:05:21.189330Z"
"BTC-USD","buy",25730.93,3.4842E-4,"2023-09-05T16:05:21.225166Z"
"BTC-USD","buy",25730.93,0.00431476,"2023-09-05T16:05:21.650902Z"
"BTC-USD","sell",25730.92,0.001,"2023-09-05T16:05:22.075213Z"
"BTC-USD","buy",25730.93,3.4668E-4,"2023-09-05T16:05:22.804761Z"
"BTC-USD","buy",25730.93,0.01480187,"2023-09-05T16:05:23.451916Z"
"BTC-USD","buy",25730.93,0.01664974,"2023-09-05T16:05:23.636311Z"
"BTC-USD","sell",25730.92,0.01020738,"2023-09-05T16:05:24.354782Z"
"BTC-USD","buy",25730.76,0.00557634,"2023-09-05T16:05:24.381321Z"
"BTC-USD","buy",25730.76,0.00684495,"2023-09-05T16:05:24.410054Z"
"BTC-USD","sell",25729.61,0.03697112,"2023-09-05T16:05:24.736099Z"
"BTC-USD","buy",25730.83,0.00373271,"2023-09-05T16:05:25.126811Z"
"BTC-USD","buy",25730.96,1.8802E-4,"2023-09-05T16:05:25.206556Z"
"BTC-USD","buy",25731.58,9.0927E-4,"2023-09-05T16:05:26.074083Z"
"BTC-USD","sell",25731.58,0.0263108,"2023-09-05T16:05:27.520512Z"
"BTC-USD","buy",25733.33,0.02000732,"2023-09-05T16:05:29.742333Z"
"BTC-USD","buy",25733.68,0.053,"2023-09-05T16:05:30.255456Z"
"BTC-USD","sell",25735.15,0.94118522,"2023-09-05T16:05:31.061163Z"
"BTC-USD","buy",25736.01,0.00773703,"2023-09-05T16:05:31.090212Z"
"BTC-USD","buy",25736.22,3.1E-6,"2023-09-05T16:05:31.124015Z"
"BTC-USD","buy",25736.96,0.18,"2023-09-05T16:05:31.247725Z"
"BTC-USD","buy",25739.2,0.03663215,"2023-09-05T16:05:32.371875Z"
"BTC-USD","buy",25738.95,0.01546777,"2023-09-05T16:05:33.341854Z"
"BTC-USD","sell",25738.96,0.00238293,"2023-09-05T16:05:33.502619Z"
"BTC-USD","sell",25739.3,2.6323E-4,"2023-09-05T16:05:35.916770Z"
"BTC-USD","buy",25740.26,0.08292001,"2023-09-05T16:05:36.129661Z"
"BTC-USD","buy",25742.92,0.0192,"2023-09-05T16:05:36.290294Z"
"BTC-USD","buy",25743.67,0.00179831,"2023-09-05T16:05:36.508570Z"
"BTC-USD","buy",25743.83,0.00386112,"2023-09-05T16:05:36.770567Z"
"BTC-USD","buy",25743.84,1.55E-6,"2023-09-05T16:05:36.798932Z"
"BTC-USD","buy",25744.02,0.10202168,"2023-09-05T16:05:36.959139Z"
"BTC-USD","sell",25743.73,0.00505382,"2023-09-05T16:05:37.170434Z"
"BTC-USD","buy",25742.8,0.00187329,"2023-09-05T16:05:37.578577Z"
"BTC-USD","buy",25742.09,0.03775546,"2023-09-05T16:05:38.630073Z"
"BTC-USD","sell",25742.08,0.004,"2023-09-05T16:05:39.914982Z"
"BTC-USD","buy",25739.85,9.723E-5,"2023-09-05T16:05:40.704706Z"
"BTC-USD","buy",25739.85,0.00757998,"2023-09-05T16:05:41.403447Z"
"BTC-USD","buy",25739.85,0.00918075,"2023-09-05T16:05:42.196399Z"
"BTC-USD","buy",25739.85,0.10787395,"2023-09-05T16:05:42.387584Z"
"BTC-USD","buy",25739.85,4.31E-5,"2023-09-05T16:05:42.418782Z"
"BTC-USD","buy",25741.81,0.00385987,"2023-09-05T16:05:43.916557Z"
"BTC-USD","buy",25741.81,1.55E-6,"2023-09-05T16:05:43.949423Z"
"BTC-USD","buy",25741.81,0.01210013,"2023-09-05T16:05:44.018672Z"
"BTC-USD","sell",25741.8,8.2679E-4,"2023-09-05T16:05:44.584815Z"
"BTC-USD","sell",25740.96,0.00330628,"2023-09-05T16:05:44.826919Z"
"BTC-USD","buy",25741.36,0.00184672,"2023-09-05T16:05:45.075654Z"
"BTC-USD","buy",25741.35,0.00184661,"2023-09-05T16:05:46.316948Z"
"BTC-USD","buy",25741.35,3.8463E-4,"2023-09-05T16:05:46.364470Z"
"BTC-USD","buy",25741.79,0.00373158,"2023-09-05T16:05:47.443809Z"
"BTC-USD","buy",25741.79,0.00223845,"2023-09-05T16:05:49.098021Z"
"BTC-USD","buy",25741.79,9.141E-5,"2023-09-05T16:05:50.909405Z"
"BTC-USD","buy",25742.89,0.00924692,"2023-09-05T16:05:51.055737Z"
"BTC-USD","buy",25742.84,0.00623302,"2023-09-05T16:05:51.149580Z"
"BTC-USD","buy",25743.41,0.00366094,"2023-09-05T16:05:51.623692Z"
"BTC-USD","buy",25744.16,0.00375002,"2023-09-05T16:05:52.149400Z"
"BTC-USD","sell",25743.4,0.097029,"2023-09-05T16:05:52.253832Z"
"BTC-USD","buy",25744.18,0.00232732,"2023-09-05T16:05:53.577296Z"
"BTC-USD","sell",25744.17,1.0748E-4,"2023-09-05T16:05:53.990704Z"
"BTC-USD","buy",25744.18,7.1193E-4,"2023-09-05T16:05:54.322587Z"
"BTC-USD","buy",25744.18,0.00184639,"2023-09-05T16:05:55.321345Z"
"BTC-USD","sell",25744.17,0.0113,"2023-09-05T16:05:55.818247Z"
"BTC-USD","buy",25744.18,0.00935681,"2023-09-05T16:05:56.423523Z"
"BTC-USD","buy",25744.18,0.1167953,"2023-09-05T16:05:56.575141Z"
"BTC-USD","buy",25744.18,2.3114E-4,"2023-09-05T16:05:58.673393Z"
"BTC-USD","buy",25744.18,9.0415E-4,"2023-09-05T16:05:58.773240Z"
"BTC-USD","buy",25744.18,0.00373089,"2023-09-05T16:06:00.290782Z"
"BTC-USD","sell",25741.83,0.00874,"2023-09-05T16:06:00.426181Z"
"BTC-USD","buy",25741.65,2.102E-4,"2023-09-05T16:06:00.867418Z"
"BTC-USD","buy",25741.62,4.2557E-4,"2023-09-05T16:06:00.910859Z"
"BTC-USD","buy",25742.52,0.00193269,"2023-09-05T16:06:02.306552Z"
"BTC-USD","buy",25742.53,1.8762E-4,"2023-09-05T16:06:02.923599Z"
"BTC-USD","sell",25742.51,0.00244977,"2023-09-05T16:06:03.720904Z"
"BTC-USD","buy",25742.52,0.03,"2023-09-05T16:06:03.950328Z"
"BTC-USD","buy",25743.61,0.00161512,"2023-09-05T16:06:04.619823Z"
"BTC-USD","sell",25743.28,0.00877899,"2023-09-05T16:06:05.552951Z"
"BTC-USD","buy",25743.32,2.9955E-4,"2023-09-05T16:06:07.027909Z"
"BTC-USD","sell",25743.31,6.1806E-4,"2023-09-05T16:06:07.395195Z"
"BTC-USD","buy",25745.03,0.00213548,"2023-09-05T16:06:07.842756Z"
"BTC-USD","buy",25745.03,1.16E-6,"2023-09-05T16:06:07.869091Z"
"BTC-USD","buy",25745.3,3.4826E-4,"2023-09-05T16:06:09.317886Z"
"BTC-USD","buy",25745.31,0.02743695,"2023-09-05T16:06:09.370487Z"
"BTC-USD","sell",25745.3,0.21756381,"2023-09-05T16:06:09.839023Z"
"BTC-USD","buy",25745.31,4.3823E-4,"2023-09-05T16:06:09.974778Z"
"BTC-USD","buy",25745.31,0.00193899,"2023-09-05T16:06:10.694374Z"
"BTC-USD","sell",25745.3,2.3811E-4,"2023-09-05T16:06:11.030209Z"
"BTC-USD","buy",25745.31,7.4403E-4,"2023-09-05T16:06:11.060955Z"
"BTC-USD","buy",25746.52,3.4696E-4,"2023-09-05T16:06:11.789916Z"
"BTC-USD","sell",25745.54,0.00785953,"2023-09-05T16:06:11.819816Z"
"BTC-USD","buy",25745.1,0.01063034,"2023-09-05T16:06:15.220852Z"
"BTC-USD","buy",25745.1,1.1354E-4,"2023-09-05T16:06:17.988665Z"
"BTC-USD","buy",25745.1,0.0049139,"2023-09-05T16:06:18.158827Z"
"BTC-USD","buy",25745.1,0.00184616,"2023-09-05T16:06:20.767153Z"
"BTC-USD","buy",25745.1,9.1172E-4,"2023-09-05T16:06:22.185890Z"
"BTC-USD","buy",25745.1,0.00754697,"2023-09-05T16:06:22.213150Z"
"BTC-USD","sell",25745.09,0.10207444,"2023-09-05T16:06:22.249208Z"
"BTC-USD","buy",25745.1,8.906E-5,"2023-09-05T16:06:22.524207Z"
"BTC-USD","sell",25745.09,0.0404471,"2023-09-05T16:06:22.809332Z"
"BTC-USD","buy",25745.1,0.00184621,"2023-09-05T16:06:22.833849Z"
"BTC-USD","buy",25745.1,7.7684E-4,"2023-09-05T16:06:23.120358Z"
"BTC-USD","sell",25746.2,0.01324814,"2023-09-05T16:06:23.580955Z"
"BTC-USD","buy",25747.41,0.00126935,"2023-09-05T16:06:23.657897Z"
"BTC-USD","buy",25746.05,0.03117457,"2023-09-05T16:06:23.759885Z"
"BTC-USD","buy",25747.39,0.00199995,"2023-09-05T16:06:24.190000Z"
"BTC-USD","buy",25746.05,4.0416E-4,"2023-09-05T16:06:24.434803Z"
"BTC-USD","buy",25747.85,0.005814,"2023-09-05T16:06:25.686674Z"
"BTC-USD","buy",25751.03,0.08292001,"2023-09-05T16:06:25.867436Z"
"BTC-USD","sell",25749.63,0.0185577,"2023-09-05T16:06:25.979568Z"
"BTC-USD","buy",25751.12,0.058,"2023-09-05T16:06:26.052221Z"
"BTC-USD","buy",25749.4,0.0185577,"2023-09-05T16:06:26.201302Z"
"BTC-USD","buy",25749.68,0.03124226,"2023-09-05T16:06:26.267209Z"
"BTC-USD","buy",25749.23,0.0313105,"2023-09-05T16:06:26.916342Z"
"BTC-USD","buy",25751.33,0.00128705,"2023-09-05T16:06:27.235975Z"
"BTC-USD","buy",25750.9,9.0405E-4,"2023-09-05T16:06:27.819220Z"
"BTC-USD","buy",25750.9,7.6901E-4,"2023-09-05T16:06:29.485268Z"
"BTC-USD","sell",25750.89,0.001,"2023-09-05T16:06:29.726519Z"
"BTC-USD","buy",25750.9,7.63E-5,"2023-09-05T16:06:30.222914Z"
"BTC-USD","sell",25750.89,1.2902E-4,"2023-09-05T16:06:31.139694Z"
"BTC-USD","buy",25750.9,3.883E-5,"2023-09-05T16:06:32.116290Z"
"BTC-USD","buy",25750.9,0.01265573,"2023-09-05T16:06:33.132337Z"
"BTC-USD","buy",25752.0,6.8033E-4,"2023-09-05T16:06:33.204432Z"
"BTC-USD","sell",25753.92,0.05,"2023-09-05T16:06:33.880256Z"
"BTC-USD","buy",25753.22,0.08606107,"2023-09-05T16:06:34.247523Z"
"BTC-USD","sell",25752.1,0.05477601,"2023-09-05T16:06:34.280915Z"
"BTC-USD","sell",25751.09,0.005813,"2023-09-05T16:06:34.721352Z"
"BTC-USD","buy",25751.07,0.02,"2023-09-05T16:06:34.731930Z"
"BTC-USD","sell",25751.16,0.02,"2023-09-05T16:06:34.919006Z"
"BTC-USD","buy",25751.71,3.8446E-4,"2023-09-05T16:06:36.356323Z"
"BTC-USD","sell",25751.54,0.00222461,"2023-09-05T16:06:36.866066Z"
"BTC-USD","buy",25751.55,9.0385E-4,"2023-09-05T16:06:37.421458Z"
"BTC-USD","buy",25751.55,0.00406766,"2023-09-05T16:06:38.049042Z"
"BTC-USD","sell",25751.54,0.01520378,"2023-09-05T16:06:38.565825Z"
"BTC-USD","buy",25751.55,0.0036966,"2023-09-05T16:06:38.927745Z"
"BTC-USD","buy",25750.3,0.058,"2023-09-05T16:06:39.251635Z"
"BTC-USD","buy",25751.34,0.00581337,"2023-09-05T16:06:40.025999Z"
"BTC-USD","buy",25751.25,0.01961554,"2023-09-05T16:06:40.080534Z"
"BTC-USD","buy",25751.39,3.3408E-4,"2023-09-05T16:06:40.633891Z"
"BTC-USD","sell",25751.38,7.7668E-4,"2023-09-05T16:06:40.713345Z"
"BTC-USD","buy",25751.54,0.00811557,"2023-09-05T16:06:42.482407Z"
"BTC-USD","buy",25751.01,8.2696E-4,"2023-09-05T16:06:42.976540Z"
"BTC-USD","buy",25751.01,0.00219176,"2023-09-05T16:06:44.189531Z"
"BTC-USD","buy",25751.01,3.7339E-4,"2023-09-05T16:06:44.541506Z"
"BTC-USD","sell",25749.87,0.01061846,"2023-09-05T16:06:46.783792Z"
"BTC-USD","buy",25750.97,0.00373041,"2023-09-05T16:06:48.698013Z"
"BTC-USD","sell",25750.96,6.0151E-4,"2023-09-05T16:06:49.610094Z"
"BTC-USD","buy",25751.55,0.00125,"2023-09-05T16:06:52.586859Z"
"BTC-USD","sell",25752.11,0.00193759,"2023-09-05T16:06:52.618285Z"
"BTC-USD","buy",25752.12,0.32068017,"2023-09-05T16:06:52.618366Z"
"BTC-USD","sell",25752.11,6.6352E-4,"2023-09-05T16:06:52.618393Z"
"BTC-USD","buy",25752.51,0.00860842,"2023-09-05T16:06:52.628529Z"
"BTC-USD","buy",25752.51,0.08346,"2023-09-05T16:06:52.635304Z"
"BTC-USD","buy",25752.51,0.20572333,"2023-09-05T16:06:52.638573Z"
"BTC-USD","buy",25752.9,0.38839175,"2023-09-05T16:06:52.676340Z"
"BTC-USD","sell",25756.08,8.3299E-4,"2023-09-05T16:06:56.543993Z"
"BTC-USD","buy",25756.09,0.00185507,"2023-09-05T16:06:57.130755Z"
"BTC-USD","sell",25756.08,0.38980796,"2023-09-05T16:06:57.321757Z"
"BTC-USD","buy",25756.09,0.00209697,"2023-09-05T16:06:58.273145Z"
"BTC-USD","buy",25756.08,0.00184575,"2023-09-05T16:06:58.528508Z"
"BTC-USD","sell",25755.36,0.02945907,"2023-09-05T16:06:59.494999Z"
"BTC-USD","buy",25756.07,0.00374839,"2023-09-05T16:07:00.199688Z"
"BTC-USD","buy",25756.08,0.0075164,"2023-09-05T16:07:00.814450Z"
"BTC-USD","buy",25756.09,0.00185692,"2023-09-05T16:07:00.936608Z"
"BTC-USD","buy",25756.09,0.00154527,"2023-09-05T16:07:01.222651Z"
"BTC-USD","buy",25756.09,0.03030478,"2023-09-05T16:07:03.938200Z"
"BTC-USD","buy",25756.09,0.00176702,"2023-09-05T16:07:06.102626Z"
"BTC-USD","buy",25756.09,4.813E-5,"2023-09-05T16:07:06.556324Z"
"BTC-USD","buy",25760.88,0.0111839,"2023-09-05T16:07:08.049159Z"
"BTC-USD","buy",25756.84,0.00172872,"2023-09-05T16:07:10.022401Z"
"BTC-USD","buy",25756.84,3.67E-6,"2023-09-05T16:07:10.280438Z"
"BTC-USD","sell",25761.9,7.8622E-4,"2023-09-05T16:07:11.456388Z"
"BTC-USD","buy",25761.91,7.1148E-4,"2023-09-05T16:07:13.193195Z"
"BTC-USD","sell",25761.9,5.3751E-4,"2023-09-05T16:07:13.470665Z"
"BTC-USD","buy",25761.91,0.01924907,"2023-09-05T16:07:14.233148Z"
"BTC-USD","buy",25762.75,0.00304746,"2023-09-05T16:07:14.545773Z"
"BTC-USD","buy",25763.17,0.09703776,"2023-09-05T16:07:14.545850Z"
"BTC-USD","buy",25763.54,0.0449,"2023-09-05T16:07:14.550190Z"
"BTC-USD","buy",25766.44,0.19201485,"2023-09-05T16:07:14.554269Z"
"BTC-USD","buy",25767.11,0.6,"2023-09-05T16:07:14.554398Z"
"BTC-USD","buy",25763.74,0.03881762,"2023-09-05T16:07:14.554553Z"
"BTC-USD","buy",25763.74,0.03881762,"2023-09-05T16:07:14.557948Z"
"BTC-USD","buy",25768.34,0.00657588,"2023-09-05T16:07:14.558244Z"
"BTC-USD","sell",25766.43,2.534E-5,"2023-09-05T16:07:14.572442Z"
"BTC-USD","buy",25767.95,0.29009679,"2023-09-05T16:07:14.712760Z"
"BTC-USD","buy",25768.61,0.05,"2023-09-05T16:07:14.862447Z"
"BTC-USD","buy",25768.91,0.22329572,"2023-09-05T16:07:14.954575Z"
"BTC-USD","sell",25768.32,0.07196994,"2023-09-05T16:07:14.962668Z"
"BTC-USD","sell",25768.28,0.06070515,"2023-09-05T16:07:14.965949Z"
"BTC-USD","buy",25768.45,0.058,"2023-09-05T16:07:14.966254Z"
"BTC-USD","buy",25767.43,0.038,"2023-09-05T16:07:15.010944Z"
"BTC-USD","buy",25767.18,0.04673521,"2023-09-05T16:07:15.115788Z"
"BTC-USD","buy",25767.38,0.00183814,"2023-09-05T16:07:17.492197Z"
"BTC-USD","buy",25767.38,0.00387467,"2023-09-05T16:07:20.138673Z"
"BTC-USD","buy",25767.38,1.9396E-4,"2023-09-05T16:07:20.296595Z"
"BTC-USD","sell",25767.37,3.1915E-4,"2023-09-05T16:07:22.731024Z"
"BTC-USD","buy",25767.38,0.01570903,"2023-09-05T16:07:23.708039Z"
"BTC-USD","buy",25767.38,0.0040301,"2023-09-05T16:07:23.992855Z"
"BTC-USD","buy",25767.38,1.533E-5,"2023-09-05T16:07:24.008323Z"
"BTC-USD","buy",25769.3,0.00376726,"2023-09-05T16:07:25.180876Z"
"BTC-USD","buy",25769.3,0.00436015,"2023-09-05T16:07:26.307385Z"
"BTC-USD","buy",25769.3,1.9301E-4,"2023-09-05T16:07:26.847995Z"
"BTC-USD","buy",25769.3,6.039E-5,"2023-09-05T16:07:27.721534Z"
"BTC-USD","buy",25769.3,0.00693167,"2023-09-05T16:07:27.829025Z"
"BTC-USD","buy",25769.3,8.2507E-4,"2023-09-05T16:07:27.832329Z"
"BTC-USD","buy",25771.24,0.04752549,"2023-09-05T16:07:27.835316Z"
"BTC-USD","sell",25772.25,0.04299644,"2023-09-05T16:07:28.290950Z"
"BTC-USD","sell",25772.25,0.03,"2023-09-05T16:07:28.294193Z"
"BTC-USD","sell",25771.82,0.049,"2023-09-05T16:07:28.294217Z"
"BTC-USD","sell",25770.85,0.01126274,"2023-09-05T16:07:28.301731Z"
"BTC-USD","sell",25770.72,0.01126274,"2023-09-05T16:07:28.319129Z"
"BTC-USD","sell",25769.34,1.1354E-4,"2023-09-05T16:07:28.587312Z"
"BTC-USD","buy",25770.72,0.00236444,"2023-09-05T16:07:28.642110Z"
"BTC-USD","sell",25770.8,7.761E-4,"2023-09-05T16:07:29.338383Z"
"BTC-USD","buy",25768.54,5.148E-5,"2023-09-05T16:07:29.656059Z"
"BTC-USD","buy",25768.54,3.4792E-4,"2023-09-05T16:07:32.208460Z"
"BTC-USD","buy",25768.54,0.01358266,"2023-09-05T16:07:32.623486Z"
"BTC-USD","sell",25768.53,0.00390028,"2023-09-05T16:07:33.243580Z"
"BTC-USD","buy",25768.54,1.5485E-4,"2023-09-05T16:07:33.749726Z"
"BTC-USD","buy",25768.54,9.118E-5,"2023-09-05T16:07:33.912359Z"
"BTC-USD","sell",25768.53,0.00184162,"2023-09-05T16:07:34.032440Z"
"BTC-USD","buy",25770.81,0.00257438,"2023-09-05T16:07:36.741545Z"
"BTC-USD","sell",25770.8,0.001,"2023-09-05T16:07:37.430845Z"
"BTC-USD","buy",25770.81,2.394E-4,"2023-09-05T16:07:37.520424Z"
"BTC-USD","buy",25770.81,0.00126817,"2023-09-05T16:07:38.255214Z"
"BTC-USD","buy",25770.81,0.00576284,"2023-09-05T16:07:38.968254Z"
"BTC-USD","buy",25770.81,6.642E-5,"2023-09-05T16:07:40.700858Z"
"BTC-USD","sell",25770.8,0.0018419,"2023-09-05T16:07:42.234443Z"
"BTC-USD","buy",25770.81,0.00366912,"2023-09-05T16:07:42.530857Z"
"BTC-USD","buy",25770.81,9.6039E-4,"2023-09-05T16:07:43.206243Z"
"BTC-USD","sell",25770.8,0.0125,"2023-09-05T16:07:44.674337Z"
"BTC-USD","buy",25770.81,2.0627E-4,"2023-09-05T16:07:44.792820Z"
"BTC-USD","sell",25774.04,0.09693315,"2023-09-05T16:07:45.182214Z"
"BTC-USD","buy",25774.05,7.722E-5,"2023-09-05T16:07:46.487057Z"
"BTC-USD","sell",25771.9,0.21722913,"2023-09-05T16:07:47.032486Z"
"BTC-USD","sell",25771.9,0.17079024,"2023-09-05T16:07:47.040372Z"
"BTC-USD","sell",25771.81,0.1263,"2023-09-05T16:07:47.040428Z"
"BTC-USD","sell",25771.17,0.54621066,"2023-09-05T16:07:47.040555Z"
"BTC-USD","sell",25770.08,0.05704821,"2023-09-05T16:07:47.045675Z"
"BTC-USD","buy",25768.44,0.00185365,"2023-09-05T16:07:48.510088Z"
"BTC-USD","buy",25770.45,0.02357879,"2023-09-05T16:07:51.073903Z"
"BTC-USD","sell",25770.42,0.00148593,"2023-09-05T16:07:51.575634Z"
"BTC-USD","buy",25771.85,0.00391378,"2023-09-05T16:07:52.333178Z"
"BTC-USD","buy",25771.73,1.8764E-4,"2023-09-05T16:07:54.395510Z"
"BTC-USD","buy",25771.73,0.08390544,"2023-09-05T16:07:54.819576Z"
"BTC-USD","buy",25771.73,0.10788355,"2023-09-05T16:07:57.072174Z"
"BTC-USD","buy",25771.73,0.00994122,"2023-09-05T16:07:57.085086Z"
"BTC-USD","buy",25771.73,0.00366907,"2023-09-05T16:07:58.563504Z"
"BTC-USD","buy",25771.73,8.784E-5,"2023-09-05T16:07:59.456536Z"
"BTC-USD","buy",25771.73,0.01569808,"2023-09-05T16:07:59.592477Z"
"BTC-USD","buy",25771.73,0.00184433,"2023-09-05T16:08:00.136688Z"
"BTC-USD","buy",25771.73,0.00401796,"2023-09-05T16:08:01.670556Z"
"BTC-USD","buy",25771.73,0.00381414,"2023-09-05T16:08:02.309555Z"
"BTC-USD","buy",25771.73,0.00384142,"2023-09-05T16:08:05.503011Z"
"BTC-USD","sell",25770.31,0.04562088,"2023-09-05T16:08:06.677566Z"
"BTC-USD","sell",25767.52,0.08560848,"2023-09-05T16:08:08.303950Z"
"BTC-USD","buy",25769.61,0.0018445,"2023-09-05T16:08:09.296802Z"
"BTC-USD","buy",25769.61,0.00792589,"2023-09-05T16:08:10.262004Z"
"BTC-USD","sell",25769.6,3.563E-5,"2023-09-05T16:08:11.934022Z"
"BTC-USD","buy",25771.02,0.00371256,"2023-09-05T16:08:15.136260Z"
"BTC-USD","sell",25771.01,0.00391913,"2023-09-05T16:08:17.412087Z"
"BTC-USD","sell",25771.01,8.087E-5,"2023-09-05T16:08:17.679816Z"
"BTC-USD","buy",25767.7,0.00369391,"2023-09-05T16:08:17.746264Z"
"BTC-USD","buy",25767.66,7.605E-5,"2023-09-05T16:08:17.807725Z"
"BTC-USD","buy",25767.66,0.07541434,"2023-09-05T16:08:17.851735Z"
"BTC-USD","buy",25770.86,0.02922133,"2023-09-05T16:08:20.493299Z"
"BTC-USD","sell",25767.01,0.19610645,"2023-09-05T16:08:21.562757Z"
"BTC-USD","sell",25764.97,0.03063717,"2023-09-05T16:08:21.650150Z"
"BTC-USD","buy",25763.85,5.8396E-4,"2023-09-05T16:08:23.109790Z"
"BTC-USD","sell",25763.84,0.00405978,"2023-09-05T16:08:23.204485Z"
"BTC-USD","buy",25763.77,0.00107731,"2023-09-05T16:08:23.990891Z"
"BTC-USD","buy",25763.67,0.0077306,"2023-09-05T16:08:25.484648Z"
"BTC-USD","buy",25763.67,6.596E-5,"2023-09-05T16:08:25.703234Z"
"BTC-USD","buy",25763.67,0.00212785,"2023-09-05T16:08:26.164964Z"
"BTC-USD","sell",25762.41,0.0818341,"2023-09-05T16:08:28.377052Z"
"BTC-USD","buy",25765.39,0.00695322,"2023-09-05T16:08:28.944408Z"
"BTC-USD","buy",25766.44,1.062E-5,"2023-09-05T16:08:29.124797Z"
"BTC-USD","buy",25766.18,0.00219034,"2023-09-05T16:08:29.372452Z"
"BTC-USD","sell",25767.45,0.10066751,"2023-09-05T16:08:30.114705Z"
"BTC-USD","buy",25768.7,5.5995E-4,"2023-09-05T16:08:31.657850Z"
"BTC-USD","buy",25768.66,0.00641573,"2023-09-05T16:08:32.090706Z"
"BTC-USD","sell",25767.94,0.00175766,"2023-09-05T16:08:32.122904Z"
"BTC-USD","buy",25768.7,0.03085,"2023-09-05T16:08:32.410820Z"
"BTC-USD","buy",25768.7,8.91E-6,"2023-09-05T16:08:32.417253Z"
"BTC-USD","sell",25769.41,0.013636,"2023-09-05T16:08:32.464424Z"
"BTC-USD","buy",25771.94,0.00184483,"2023-09-05T16:08:32.692766Z"
"BTC-USD","sell",25770.88,0.02586017,"2023-09-05T16:08:32.809250Z"
"BTC-USD","buy",25770.38,3.812E-5,"2023-09-05T16:08:34.732294Z"
"BTC-USD","sell",25770.38,0.00172566,"2023-09-05T16:08:35.133410Z"
"BTC-USD","buy",25771.44,0.00384262,"2023-09-05T16:08:35.524715Z"
"BTC-USD","buy",25771.44,0.00384917,"2023-09-05T16:08:35.806914Z"
"BTC-USD","sell",25770.39,3.1079E-4,"2023-09-05T16:08:35.943607Z"
"BTC-USD","buy",25771.7,7.1111E-4,"2023-09-05T16:08:38.897378Z"
"BTC-USD","sell",25771.77,0.00221606,"2023-09-05T16:08:39.459371Z"
"BTC-USD","sell",25771.93,0.00318742,"2023-09-05T16:08:42.080275Z"
"BTC-USD","buy",25772.99,6.407E-5,"2023-09-05T16:08:42.133403Z"
"BTC-USD","buy",25772.01,0.005,"2023-09-05T16:08:44.212274Z"
"BTC-USD","buy",25772.01,0.01885383,"2023-09-05T16:08:44.241876Z"
"BTC-USD","sell",25772.0,0.001,"2023-09-05T16:08:45.161874Z"
"BTC-USD","sell",25772.0,7.7604E-4,"2023-09-05T16:08:45.774592Z"
"BTC-USD","sell",25771.45,0.00730736,"2023-09-05T16:08:46.150669Z"
"BTC-USD","buy",25771.46,0.01163186,"2023-09-05T16:08:47.298345Z"
"BTC-USD","buy",25771.46,4.65E-6,"2023-09-05T16:08:47.322868Z"
"BTC-USD","buy",25771.46,0.00199792,"2023-09-05T16:08:50.763597Z"
"BTC-USD","buy",25771.46,0.00238209,"2023-09-05T16:08:52.002872Z"
"BTC-USD","buy",25771.46,7.0888E-4,"2023-09-05T16:08:53.988037Z"
"BTC-USD","buy",25771.46,2.3204E-4,"2023-09-05T16:08:55.261058Z"
"BTC-USD","sell",25771.45,0.06987196,"2023-09-05T16:08:56.003803Z"
"BTC-USD","sell",25771.14,0.005809,"2023-09-05T16:08:56.124064Z"
"BTC-USD","sell",25770.72,0.00177384,"2023-09-05T16:08:57.446161Z"
"BTC-USD","buy",25771.44,0.00184482,"2023-09-05T16:08:57.573837Z"
"BTC-USD","buy",25771.41,0.00768292,"2023-09-05T16:08:57.859977Z"
"BTC-USD","buy",25771.05,2.3003E-4,"2023-09-05T16:08:59.502381Z"
"BTC-USD","buy",25772.82,9.1455E-4,"2023-09-05T16:08:59.574546Z"
"BTC-USD","buy",25772.7,0.01364402,"2023-09-05T16:08:59.675014Z"
"BTC-USD","buy",25772.42,1.9285E-4,"2023-09-05T16:09:01.110877Z"
"BTC-USD","sell",25772.36,0.09700314,"2023-09-05T16:09:01.186425Z"
"BTC-USD","buy",25771.73,0.00194724,"2023-09-05T16:09:01.367793Z"
"BTC-USD","sell",25772.66,0.088,"2023-09-05T16:09:02.155639Z"
"BTC-USD","buy",25772.67,0.00113089,"2023-09-05T16:09:02.505018Z"
"BTC-USD","buy",25771.53,0.05036,"2023-09-05T16:09:03.208349Z"
"BTC-USD","buy",25771.55,0.09426717,"2023-09-05T16:09:03.218499Z"
"BTC-USD","sell",25772.09,0.00805564,"2023-09-05T16:09:05.576679Z"
"BTC-USD","sell",25772.14,0.00487477,"2023-09-05T16:09:06.337198Z"
"BTC-USD","sell",25772.67,0.0686,"2023-09-05T16:09:08.111574Z"
"BTC-USD","sell",25772.31,0.00580819,"2023-09-05T16:09:08.282754Z"
"BTC-USD","buy",25772.77,3.861E-5,"2023-09-05T16:09:08.373088Z"
"BTC-USD","sell",25772.76,0.02,"2023-09-05T16:09:08.505523Z"
"BTC-USD","buy",25772.78,1.3162E-4,"2023-09-05T16:09:11.981443Z"
"BTC-USD","sell",25772.68,0.00193227,"2023-09-05T16:09:12.790049Z"
"BTC-USD","sell",25771.79,0.07598303,"2023-09-05T16:09:13.256237Z"
"BTC-USD","buy",25772.7,0.00391829,"2023-09-05T16:09:13.667883Z"
"BTC-USD","buy",25772.76,0.00836747,"2023-09-05T16:09:13.698405Z"
"BTC-USD","buy",25772.6,0.00183858,"2023-09-05T16:09:13.958894Z"
"BTC-USD","buy",25772.77,0.0189241,"2023-09-05T16:09:16.937683Z"
"BTC-USD","sell",25772.09,0.09639748,"2023-09-05T16:09:17.297148Z"
"BTC-USD","buy",25772.73,0.00886525,"2023-09-05T16:09:17.390862Z"
"BTC-USD","buy",25772.7,0.00372641,"2023-09-05T16:09:18.275977Z"
"BTC-USD","sell",25772.69,0.00432336,"2023-09-05T16:09:18.655755Z"
"BTC-USD","buy",25772.77,4.2399E-4,"2023-09-05T16:09:19.731425Z"
"BTC-USD","sell",25772.76,0.15173719,"2023-09-05T16:09:20.007184Z"
"BTC-USD","sell",25772.76,7.7602E-4,"2023-09-05T16:09:20.022990Z"
"BTC-USD","sell",25772.09,0.09700413,"2023-09-05T16:09:21.240045Z"
"BTC-USD","sell",25771.48,0.0875,"2023-09-05T16:09:21.539056Z"
"BTC-USD","buy",25772.74,0.0036976,"2023-09-05T16:09:21.911223Z"
"BTC-USD","sell",25772.35,0.09700314,"2023-09-05T16:09:24.526446Z"
"BTC-USD","sell",25772.23,0.005808,"2023-09-05T16:09:27.321604Z"
"BTC-USD","sell",25772.46,0.44953859,"2023-09-05T16:09:27.734976Z"
"BTC-USD","buy",25772.74,0.00564705,"2023-09-05T16:09:27.981586Z"
"BTC-USD","sell",25772.22,0.25150336,"2023-09-05T16:09:28.375489Z"
"BTC-USD","buy",25772.74,0.00673351,"2023-09-05T16:09:29.583347Z"
"BTC-USD","sell",25772.25,0.00485614,"2023-09-05T16:09:32.520692Z"
"BTC-USD","buy",25772.71,0.00199784,"2023-09-05T16:09:33.124695Z"
"BTC-USD","buy",25772.77,0.03812063,"2023-09-05T16:09:34.081500Z"
"BTC-USD","buy",25772.77,0.00146007,"2023-09-05T16:09:34.672840Z"
"BTC-USD","buy",25772.77,0.0073968,"2023-09-05T16:09:34.962167Z"
"BTC-USD","buy",25772.77,0.012,"2023-09-05T16:09:35.125592Z"
"BTC-USD","buy",25772.77,0.00184419,"2023-09-05T16:09:35.292535Z"
"BTC-USD","buy",25772.77,6.144E-5,"2023-09-05T16:09:35.494785Z"
"BTC-USD","buy",25772.77,0.00119118,"2023-09-05T16:09:35.881524Z"
"BTC-USD","sell",25772.76,1.5903E-4,"2023-09-05T16:09:35.902633Z"
"BTC-USD","buy",25772.77,0.00374523,"2023-09-05T16:09:36.723227Z"
"BTC-USD","sell",25772.74,0.00964682,"2023-09-05T16:09:36.862621Z"
"BTC-USD","buy",25772.22,0.00641721,"2023-09-05T16:09:37.147921Z"
"BTC-USD","buy",25772.22,0.07175365,"2023-09-05T16:09:37.174868Z"
"BTC-USD","buy",25772.22,2.9484E-4,"2023-09-05T16:09:37.389831Z"
"BTC-USD","buy",25772.75,2.2398E-4,"2023-09-05T16:09:39.907756Z"
"BTC-USD","buy",25774.0,0.02091229,"2023-09-05T16:09:40.269115Z"
"BTC-USD","sell",25772.39,0.00979717,"2023-09-05T16:09:40.922599Z"
"BTC-USD","buy",25772.4,0.00768269,"2023-09-05T16:09:41.137999Z"
"BTC-USD","buy",25772.4,0.00278007,"2023-09-05T16:09:41.271909Z"
"BTC-USD","buy",25772.22,0.0141381,"2023-09-05T16:09:42.775502Z"
"BTC-USD","buy",25772.22,0.00134205,"2023-09-05T16:09:43.100344Z"
"BTC-USD","buy",25772.22,0.00107594,"2023-09-05T16:09:43.908143Z"
"BTC-USD","buy",25772.22,0.00369384,"2023-09-05T16:09:45.764018Z"
"BTC-USD","buy",25772.22,0.00756767,"2023-09-05T16:09:46.400777Z"
"BTC-USD","buy",25772.22,1.4816E-4,"2023-09-05T16:09:46.583767Z"
"BTC-USD","buy",25772.22,3.856E-5,"2023-09-05T16:09:46.676315Z"
"BTC-USD","buy",25772.22,0.00792608,"2023-09-05T16:09:47.199762Z"
"BTC-USD","sell",25772.21,7.7602E-4,"2023-09-05T16:09:48.622516Z"
"BTC-USD","buy",25771.15,0.0073879,"2023-09-05T16:09:50.318369Z"
"BTC-USD","buy",25771.15,0.01625574,"2023-09-05T16:09:50.964903Z"
"BTC-USD","buy",25771.76,0.01901645,"2023-09-05T16:09:52.187468Z"
"BTC-USD","buy",25771.31,7.3124E-4,"2023-09-05T16:09:53.078484Z"
"BTC-USD","sell",25771.3,0.001,"2023-09-05T16:09:53.556880Z"
"BTC-USD","buy",25771.31,0.00184422,"2023-09-05T16:09:54.704633Z"
"BTC-USD","sell",25771.3,9.7E-4,"2023-09-05T16:09:56.745414Z"
"BTC-USD","sell",25770.72,1.8663E-4,"2023-09-05T16:09:58.026413Z"
"BTC-USD","sell",25770.72,0.00223147,"2023-09-05T16:09:58.471378Z"
"BTC-USD","sell",25770.4,0.00623,"2023-09-05T16:09:58.481261Z"
"BTC-USD","sell",25768.49,0.08109405,"2023-09-05T16:09:59.868825Z"
"BTC-USD","sell",25768.16,0.38808426,"2023-09-05T16:09:59.868913Z"
"BTC-USD","buy",25766.34,0.02933432,"2023-09-05T16:09:59.972816Z"
"BTC-USD","sell",25765.94,0.04122841,"2023-09-05T16:10:00.085468Z"
"BTC-USD","sell",25765.94,0.34686639,"2023-09-05T16:10:00.087685Z"
"BTC-USD","buy",25763.4,0.00484814,"2023-09-05T16:10:00.339499Z"
"BTC-USD","buy",25764.23,0.00238202,"2023-09-05T16:10:00.945995Z"
"BTC-USD","sell",25763.52,0.00117238,"2023-09-05T16:10:01.254065Z"
"BTC-USD","sell",25763.52,0.00117257,"2023-09-05T16:10:01.262831Z"
"BTC-USD","buy",25762.8,3.875E-5,"2023-09-05T16:10:01.839894Z"
"BTC-USD","buy",25760.89,0.00768301,"2023-09-05T16:10:02.211697Z"
"BTC-USD","buy",25764.76,0.01108229,"2023-09-05T16:10:04.361650Z"
"BTC-USD","buy",25764.76,6.8394E-4,"2023-09-05T16:10:05.067054Z"
"BTC-USD","buy",25764.76,0.00584782,"2023-09-05T16:10:06.965570Z"
"BTC-USD","sell",25764.09,0.049,"2023-09-05T16:10:07.712956Z"
"BTC-USD","buy",25764.75,1.939E-4,"2023-09-05T16:10:07.793423Z"
"BTC-USD","sell",25764.74,0.01504901,"2023-09-05T16:10:07.935812Z"
"BTC-USD","buy",25763.91,0.00482613,"2023-09-05T16:10:07.960568Z"
"BTC-USD","sell",25763.9,0.05424103,"2023-09-05T16:10:08.221190Z"
"BTC-USD","sell",25761.95,0.00788037,"2023-09-05T16:10:08.233732Z"
"BTC-USD","sell",25760.57,6.0546E-4,"2023-09-05T16:10:08.287128Z"
"BTC-USD","buy",25762.24,9.6044E-4,"2023-09-05T16:10:10.085522Z"
"BTC-USD","buy",25760.96,1.3187E-4,"2023-09-05T16:10:11.556696Z"
"BTC-USD","buy",25760.96,1.5484E-4,"2023-09-05T16:10:12.809027Z"
"BTC-USD","buy",25760.96,0.00369426,"2023-09-05T16:10:12.999494Z"
"BTC-USD","buy",25760.96,0.02855359,"2023-09-05T16:10:13.174989Z"
"BTC-USD","sell",25760.95,0.018,"2023-09-05T16:10:13.722628Z"
"BTC-USD","sell",25760.54,0.004,"2023-09-05T16:10:13.938441Z"
"BTC-USD","sell",25760.51,0.21076264,"2023-09-05T16:10:14.340850Z"
"BTC-USD","sell",25760.51,8.6685E-4,"2023-09-05T16:10:14.563954Z"
"BTC-USD","buy",25761.42,3.479E-4,"2023-09-05T16:10:15.314060Z"
"BTC-USD","buy",25761.42,0.00374523,"2023-09-05T16:10:15.337320Z"
"BTC-USD","buy",25761.42,0.00330145,"2023-09-05T16:10:16.278345Z"
"BTC-USD","buy",25761.42,0.00960614,"2023-09-05T16:10:16.827004Z"
"BTC-USD","buy",25761.42,7.763E-4,"2023-09-05T16:10:17.182853Z"
"BTC-USD","buy",25762.14,0.004,"2023-09-05T16:10:17.196083Z"
"BTC-USD","sell",25762.79,0.01835745,"2023-09-05T16:10:17.276611Z"
"BTC-USD","sell",25765.82,0.18508,"2023-09-05T16:10:17.499823Z"
"BTC-USD","sell",25765.01,0.09703079,"2023-09-05T16:10:17.723076Z"
"BTC-USD","sell",25764.64,0.00485175,"2023-09-05T16:10:17.738884Z"
"BTC-USD","sell",25764.66,0.219,"2023-09-05T16:10:17.943486Z"
"BTC-USD","sell",25764.63,0.00581,"2023-09-05T16:10:18.161881Z"
"BTC-USD","sell",25768.84,0.09698364,"2023-09-05T16:10:18.702179Z"
"BTC-USD","sell",25768.84,1.94E-4,"2023-09-05T16:10:18.931608Z"
"BTC-USD","buy",25768.24,1.7353E-4,"2023-09-05T16:10:19.122234Z"
"BTC-USD","buy",25768.93,0.00851676,"2023-09-05T16:10:19.861409Z"
"BTC-USD","sell",25768.92,0.004,"2023-09-05T16:10:19.974252Z"
"BTC-USD","sell",25766.15,0.20533479,"2023-09-05T16:10:21.390865Z"
"BTC-USD","sell",25769.56,0.03277862,"2023-09-05T16:10:21.565319Z"
"BTC-USD","buy",25770.31,0.00584742,"2023-09-05T16:10:22.774910Z"
"BTC-USD","sell",25770.3,0.03093601,"2023-09-05T16:10:24.543788Z"
"BTC-USD","buy",25771.6,0.01075279,"2023-09-05T16:10:26.224862Z"
"BTC-USD","buy",25772.22,8.2226E-4,"2023-09-05T16:10:28.225342Z"
"BTC-USD","sell",25771.82,0.04703581,"2023-09-05T16:10:28.620609Z"
"BTC-USD","buy",25771.83,0.001845,"2023-09-05T16:10:28.647869Z"
"BTC-USD","buy",25771.83,0.01897553,"2023-09-05T16:10:28.785372Z"
"BTC-USD","buy",25771.83,0.0184777,"2023-09-05T16:10:29.981257Z"
"BTC-USD","sell",25769.28,0.02437506,"2023-09-05T16:10:32.993356Z"
"BTC-USD","sell",25769.31,1.0236E-4,"2023-09-05T16:10:33.037843Z"
"BTC-USD","buy",25771.62,0.0307331,"2023-09-05T16:10:33.068804Z"
"BTC-USD","buy",25771.8,3.8416E-4,"2023-09-05T16:10:33.503645Z"
"BTC-USD","buy",25771.83,0.00165013,"2023-09-05T16:10:33.709271Z"
"BTC-USD","buy",25772.22,0.00710696,"2023-09-05T16:10:34.614574Z"
"BTC-USD","sell",25772.21,0.00104746,"2023-09-05T16:10:34.953427Z"
"BTC-USD","buy",25772.22,3.7818E-4,"2023-09-05T16:10:36.967165Z"
"BTC-USD","buy",25772.22,0.00154435,"2023-09-05T16:10:38.518043Z"
"BTC-USD","buy",25772.22,0.00226012,"2023-09-05T16:10:39.055655Z"
"BTC-USD","buy",25772.22,3.88E-5,"2023-09-05T16:10:40.606547Z"
"BTC-USD","sell",25771.82,0.03243169,"2023-09-05T16:10:40.858287Z"
"BTC-USD","buy",25771.8,0.00490448,"2023-09-05T16:10:41.306444Z"
"BTC-USD","buy",25771.18,0.00778512,"2023-09-05T16:10:43.906254Z"
"BTC-USD","buy",25771.18,5.1897E-4,"2023-09-05T16:10:44.470691Z"
"BTC-USD","sell",25771.17,1.7073E-4,"2023-09-05T16:10:44.819610Z"
"BTC-USD","buy",25771.18,1.7463E-4,"2023-09-05T16:10:45.114147Z"
"BTC-USD","buy",25772.22,0.0011524,"2023-09-05T16:10:45.946886Z"
"BTC-USD","sell",25771.15,0.0960105,"2023-09-05T16:10:46.042223Z"
"BTC-USD","sell",25771.15,0.09700766,"2023-09-05T16:10:46.263273Z"
"BTC-USD","buy",25772.03,0.00369389,"2023-09-05T16:10:46.418914Z"
"BTC-USD","sell",25771.93,0.004,"2023-09-05T16:10:47.327080Z"
"BTC-USD","sell",25771.23,0.03919004,"2023-09-05T16:10:47.436796Z"
"BTC-USD","buy",25771.24,0.01135418,"2023-09-05T16:10:47.732646Z"
"BTC-USD","buy",25771.24,7.1104E-4,"2023-09-05T16:10:47.756623Z"
"BTC-USD","buy",25771.24,4.65E-6,"2023-09-05T16:10:47.768881Z"
"BTC-USD","buy",25771.24,0.01152404,"2023-09-05T16:10:47.919816Z"
"BTC-USD","buy",25772.39,0.3110847,"2023-09-05T16:10:48.179141Z"
"BTC-USD","sell",25771.24,0.00493915,"2023-09-05T16:10:48.209832Z"
"BTC-USD","sell",25771.82,0.2159083,"2023-09-05T16:10:50.813225Z"
"BTC-USD","sell",25771.28,1.94E-4,"2023-09-05T16:10:51.041487Z"
"BTC-USD","buy",25772.42,0.05193056,"2023-09-05T16:10:52.044120Z"
"BTC-USD","buy",25771.83,0.00115861,"2023-09-05T16:10:52.078240Z"
"BTC-USD","buy",25771.83,0.00382112,"2023-09-05T16:10:52.209619Z"
"BTC-USD","buy",25772.43,0.25782,"2023-09-05T16:10:52.216711Z"
"BTC-USD","buy",25772.43,0.02254102,"2023-09-05T16:10:52.223768Z"
"BTC-USD","buy",25772.43,0.07174,"2023-09-05T16:10:52.228268Z"
"BTC-USD","sell",25772.76,0.091,"2023-09-05T16:10:52.262203Z"
"BTC-USD","sell",25773.82,0.08454398,"2023-09-05T16:10:52.731411Z"
"BTC-USD","buy",25774.07,0.00195028,"2023-09-05T16:10:54.538178Z"
"BTC-USD","buy",25774.07,4.183E-5,"2023-09-05T16:10:55.150583Z"
"BTC-USD","sell",25774.06,0.39665435,"2023-09-05T16:10:55.929238Z"
"BTC-USD","sell",25774.06,5.6907E-4,"2023-09-05T16:10:56.995608Z"
"BTC-USD","buy",25774.07,8.8503E-4,"2023-09-05T16:10:58.398601Z"
"BTC-USD","buy",25774.11,0.00303647,"2023-09-05T16:10:58.405750Z"
"BTC-USD","buy",25774.31,5.814E-5,"2023-09-05T16:10:58.405883Z"
"BTC-USD","buy",25776.76,3.2375E-4,"2023-09-05T16:10:59.543227Z"
"BTC-USD","buy",25776.76,9.6519E-4,"2023-09-05T16:11:00.265758Z"
"BTC-USD","buy",25776.76,0.00492572,"2023-09-05T16:11:00.298230Z"
"BTC-USD","buy",25776.76,5.0584E-4,"2023-09-05T16:11:00.341798Z"
"BTC-USD","buy",25776.76,0.00286683,"2023-09-05T16:11:00.737148Z"
"BTC-USD","buy",25776.98,0.00209206,"2023-09-05T16:11:01.040369Z"
"BTC-USD","sell",25776.79,8.06E-4,"2023-09-05T16:11:01.196636Z"
"BTC-USD","buy",25777.0,1.5404E-4,"2023-09-05T16:11:01.882726Z"
"BTC-USD","buy",25777.0,6.6645E-4,"2023-09-05T16:11:04.149185Z"
"BTC-USD","buy",25779.09,0.00115242,"2023-09-05T16:11:05.483185Z"
"BTC-USD","buy",25779.09,0.00184426,"2023-09-05T16:11:05.590269Z"
"BTC-USD","buy",25777.32,5.1832E-4,"2023-09-05T16:11:05.883404Z"
"BTC-USD","sell",25777.38,5.1484E-4,"2023-09-05T16:11:08.355097Z"
"BTC-USD","buy",25779.0,2.2658E-4,"2023-09-05T16:11:08.815650Z"
"BTC-USD","buy",25778.19,0.06237778,"2023-09-05T16:11:09.343857Z"
"BTC-USD","buy",25777.98,0.00678896,"2023-09-05T16:11:14.430960Z"
"BTC-USD","buy",25777.42,3.4776E-4,"2023-09-05T16:11:14.764251Z"
"BTC-USD","buy",25777.42,8.2621E-4,"2023-09-05T16:11:15.031307Z"
"BTC-USD","buy",25777.42,5.656E-5,"2023-09-05T16:11:15.982029Z"
"BTC-USD","buy",25777.42,0.00517024,"2023-09-05T16:11:19.945625Z"
"BTC-USD","buy",25777.42,0.0019691,"2023-09-05T16:11:20.265920Z"
"BTC-USD","buy",25777.42,0.01248296,"2023-09-05T16:11:22.256203Z"
"BTC-USD","sell",25777.41,0.10208232,"2023-09-05T16:11:22.552595Z"
"BTC-USD","sell",25777.41,0.0100929,"2023-09-05T16:11:22.955549Z"
"BTC-USD","sell",25777.41,5.3225E-4,"2023-09-05T16:11:23.337084Z"
"BTC-USD","sell",25777.41,3.9343E-4,"2023-09-05T16:11:24.317701Z"
"BTC-USD","buy",25777.42,0.00182454,"2023-09-05T16:11:24.705512Z"
"BTC-USD","buy",25777.42,0.03,"2023-09-05T16:11:25.617076Z"
"BTC-USD","buy",25777.42,8.78E-5,"2023-09-05T16:11:25.701356Z"
"BTC-USD","sell",25779.08,7.5815E-4,"2023-09-05T16:11:25.983763Z"
"BTC-USD","sell",25779.08,0.0037,"2023-09-05T16:11:26.204535Z"
"BTC-USD","buy",25780.91,0.03476883,"2023-09-05T16:11:28.082604Z"
"BTC-USD","buy",25780.76,0.06523744,"2023-09-05T16:11:28.609494Z"
"BTC-USD","sell",25780.34,0.00229641,"2023-09-05T16:11:31.601221Z"
"BTC-USD","sell",25779.36,0.08260555,"2023-09-05T16:11:32.163824Z"
"BTC-USD","sell",25780.34,0.00253939,"2023-09-05T16:11:32.693810Z"
"BTC-USD","buy",25780.35,1.9543E-4,"2023-09-05T16:11:33.311633Z"
"BTC-USD","sell",25780.34,0.00195895,"2023-09-05T16:11:35.022432Z"
"BTC-USD","buy",25781.79,0.00472171,"2023-09-05T16:11:35.545795Z"
"BTC-USD","buy",25781.67,4.747E-5,"2023-09-05T16:11:36.583975Z"
"BTC-USD","buy",25780.15,7.8762E-4,"2023-09-05T16:11:37.190973Z"
"BTC-USD","buy",25780.15,5.5727E-4,"2023-09-05T16:11:37.223694Z"
"BTC-USD","sell",25779.68,0.09648363,"2023-09-05T16:11:37.620866Z"
"BTC-USD","sell",25779.27,0.005807,"2023-09-05T16:11:38.110027Z"
"BTC-USD","sell",25779.23,0.00154141,"2023-09-05T16:11:38.586951Z"
"BTC-USD","buy",25780.1,7.7199E-4,"2023-09-05T16:11:40.401374Z"
"BTC-USD","buy",25780.15,0.012655,"2023-09-05T16:11:40.519397Z"
"BTC-USD","sell",25781.66,0.002655,"2023-09-05T16:11:40.552462Z"
"BTC-USD","buy",25781.23,7.7199E-4,"2023-09-05T16:11:41.293031Z"
"BTC-USD","sell",25779.56,0.16328094,"2023-09-05T16:11:41.477686Z"
"BTC-USD","buy",25780.96,0.0045829,"2023-09-05T16:11:42.123707Z"
"BTC-USD","buy",25780.96,7.6271E-4,"2023-09-05T16:11:42.304507Z"
"BTC-USD","buy",25780.96,0.00756521,"2023-09-05T16:11:43.995520Z"
"BTC-USD","buy",25780.96,3.4773E-4,"2023-09-05T16:11:44.036406Z"
"BTC-USD","buy",25781.05,2.7599E-4,"2023-09-05T16:11:44.636559Z"
"BTC-USD","buy",25781.05,0.00756631,"2023-09-05T16:11:45.494281Z"
"BTC-USD","buy",25783.44,0.11622843,"2023-09-05T16:11:45.633861Z"
"BTC-USD","sell",25781.77,0.00210464,"2023-09-05T16:11:46.730337Z"
"BTC-USD","buy",25782.65,0.00369267,"2023-09-05T16:11:46.967299Z"
"BTC-USD","buy",25781.8,0.00385389,"2023-09-05T16:11:47.814646Z"
"BTC-USD","buy",25781.8,1.55E-6,"2023-09-05T16:11:47.842991Z"
"BTC-USD","sell",25780.58,6.878E-5,"2023-09-05T16:11:49.516412Z"
"BTC-USD","sell",25780.57,0.09697223,"2023-09-05T16:11:49.806416Z"
"BTC-USD","sell",25779.47,0.38795327,"2023-09-05T16:11:49.812941Z"
"BTC-USD","sell",25779.03,0.09697801,"2023-09-05T16:11:49.817559Z"
"BTC-USD","sell",25777.04,0.00287498,"2023-09-05T16:11:49.951760Z"
"BTC-USD","sell",25777.07,2.4823E-4,"2023-09-05T16:11:50.033936Z"
"BTC-USD","sell",25777.25,0.35726542,"2023-09-05T16:11:50.994862Z"
"BTC-USD","sell",25778.87,0.00297141,"2023-09-05T16:11:52.143251Z"
"BTC-USD","buy",25779.85,0.00192978,"2023-09-05T16:11:52.257992Z"
"BTC-USD","buy",25779.85,3.46E-4,"2023-09-05T16:11:52.432580Z"
"BTC-USD","buy",25781.78,0.00175825,"2023-09-05T16:11:53.669632Z"
"BTC-USD","sell",25778.62,0.25283389,"2023-09-05T16:11:54.548012Z"
"BTC-USD","sell",25779.25,0.00213536,"2023-09-05T16:11:54.715436Z"
"BTC-USD","buy",25781.34,0.0106629,"2023-09-05T16:11:55.264067Z"
"BTC-USD","buy",25783.11,0.06309067,"2023-09-05T16:11:55.324776Z"
"BTC-USD","buy",25783.94,0.3042544,"2023-09-05T16:11:55.327791Z"
"BTC-USD","buy",25784.57,0.04922035,"2023-09-05T16:11:55.388019Z"
"BTC-USD","buy",25785.45,0.0306397,"2023-09-05T16:11:55.461451Z"
"BTC-USD","buy",25785.45,7.8416E-4,"2023-09-05T16:11:55.484684Z"
"BTC-USD","sell",25785.44,0.00281673,"2023-09-05T16:11:55.753440Z"
"BTC-USD","sell",25781.84,0.09696747,"2023-09-05T16:11:57.542486Z"
"BTC-USD","sell",25780.92,0.0969709,"2023-09-05T16:11:57.549929Z"
"BTC-USD","buy",25779.7,0.00113618,"2023-09-05T16:11:57.826697Z"
"BTC-USD","sell",25779.69,3.8914E-4,"2023-09-05T16:11:59.887991Z"
"BTC-USD","sell",25783.49,3.0E-4,"2023-09-05T16:12:01.607310Z"
"BTC-USD","sell",25783.03,0.09696298,"2023-09-05T16:12:01.655357Z"
"BTC-USD","buy",25782.92,9.792E-5,"2023-09-05T16:12:03.250909Z"
"BTC-USD","buy",25782.92,4.272E-5,"2023-09-05T16:12:03.253968Z"
"BTC-USD","buy",25783.72,0.00159753,"2023-09-05T16:12:03.621701Z"
"BTC-USD","buy",25783.56,0.00184348,"2023-09-05T16:12:04.465509Z"
"BTC-USD","sell",25783.39,9.7E-4,"2023-09-05T16:12:04.633114Z"
"BTC-USD","sell",25783.3,0.09696198,"2023-09-05T16:12:05.045260Z"
"BTC-USD","buy",25783.56,0.00183941,"2023-09-05T16:12:05.704188Z"
"BTC-USD","sell",25783.55,5.2639E-4,"2023-09-05T16:12:06.500622Z"
"BTC-USD","buy",25785.43,0.07660694,"2023-09-05T16:12:06.746355Z"
"BTC-USD","sell",25785.15,0.00351699,"2023-09-05T16:12:07.304178Z"
"BTC-USD","buy",25785.71,0.00321263,"2023-09-05T16:12:07.596163Z"
"BTC-USD","sell",25785.14,1.5942E-4,"2023-09-05T16:12:08.721817Z"
"BTC-USD","sell",25785.14,0.001,"2023-09-05T16:12:08.914362Z"
"BTC-USD","buy",25785.63,0.00372479,"2023-09-05T16:12:09.709981Z"
"BTC-USD","sell",25785.59,2.0E-4,"2023-09-05T16:12:10.614415Z"
"BTC-USD","buy",25785.6,3.859E-4,"2023-09-05T16:12:10.862391Z"
"BTC-USD","buy",25785.6,0.00184365,"2023-09-05T16:12:11.013943Z"
"BTC-USD","buy",25785.6,9.0284E-4,"2023-09-05T16:12:11.040646Z"
"BTC-USD","buy",25787.74,0.00833596,"2023-09-05T16:12:11.868089Z"
"BTC-USD","buy",25786.58,3.876E-5,"2023-09-05T16:12:11.906636Z"
"BTC-USD","sell",25785.62,0.004,"2023-09-05T16:12:12.119245Z"
"BTC-USD","sell",25784.82,0.03133916,"2023-09-05T16:12:13.060417Z"
"BTC-USD","sell",25784.84,0.03913131,"2023-09-05T16:12:13.092890Z"
"BTC-USD","buy",25786.53,0.00479919,"2023-09-05T16:12:15.804944Z"
"BTC-USD","sell",25786.42,0.004,"2023-09-05T16:12:17.174211Z"
"BTC-USD","buy",25783.62,3.4598E-4,"2023-09-05T16:12:17.708019Z"
"BTC-USD","buy",25783.36,0.21144569,"2023-09-05T16:12:17.868158Z"
"BTC-USD","buy",25783.36,1.94E-4,"2023-09-05T16:12:17.877594Z"
"BTC-USD","buy",25784.94,6.4179E-4,"2023-09-05T16:12:18.036364Z"
"BTC-USD","buy",25786.42,0.01261844,"2023-09-05T16:12:18.555196Z"
"BTC-USD","buy",25786.54,0.01934681,"2023-09-05T16:12:19.450614Z"
"BTC-USD","buy",25786.54,0.00441409,"2023-09-05T16:12:19.926322Z"
"BTC-USD","buy",25786.56,1.9198E-4,"2023-09-05T16:12:20.869807Z"
"BTC-USD","buy",25786.56,0.01273743,"2023-09-05T16:12:22.570947Z"
"BTC-USD","buy",25786.56,0.00366697,"2023-09-05T16:12:23.222022Z"
"BTC-USD","buy",25786.56,9.5985E-4,"2023-09-05T16:12:23.250871Z"
"BTC-USD","sell",25786.43,0.01541,"2023-09-05T16:12:23.917788Z"
"BTC-USD","sell",25786.43,0.01066409,"2023-09-05T16:12:23.921060Z"
"BTC-USD","sell",25782.42,0.00532683,"2023-09-05T16:12:24.706733Z"
"BTC-USD","buy",25782.75,0.00383935,"2023-09-05T16:12:26.555463Z"
"BTC-USD","buy",25784.34,0.00315247,"2023-09-05T16:12:26.641757Z"
"BTC-USD","buy",25783.8,0.00115176,"2023-09-05T16:12:27.182236Z"
"BTC-USD","sell",25783.47,0.01972015,"2023-09-05T16:12:28.628380Z"
"BTC-USD","sell",25783.37,0.003,"2023-09-05T16:12:29.264403Z"
"BTC-USD","buy",25783.34,3.796E-5,"2023-09-05T16:12:30.400232Z"
"BTC-USD","sell",25780.16,0.17187791,"2023-09-05T16:12:31.155132Z"
"BTC-USD","buy",25782.06,9.71E-6,"2023-09-05T16:12:31.291122Z"
"BTC-USD","buy",25785.45,0.00654035,"2023-09-05T16:12:31.446685Z"
"BTC-USD","buy",25784.84,2.326E-5,"2023-09-05T16:12:31.485768Z"
"BTC-USD","buy",25784.32,0.00414358,"2023-09-05T16:12:31.813659Z"
"BTC-USD","sell",25783.02,0.00465814,"2023-09-05T16:12:31.962987Z"
"BTC-USD","sell",25783.04,6.921E-5,"2023-09-05T16:12:32.970839Z"
"BTC-USD","buy",25783.05,3.4766E-4,"2023-09-05T16:12:34.957496Z"
"BTC-USD","buy",25784.65,7.208E-5,"2023-09-05T16:12:35.036174Z"
"BTC-USD","buy",25783.26,0.004,"2023-09-05T16:12:36.470819Z"
"BTC-USD","buy",25784.64,1.5475E-4,"2023-09-05T16:12:36.612564Z"
"BTC-USD","sell",25784.63,0.09695698,"2023-09-05T16:12:36.849986Z"
"BTC-USD","buy",25784.62,3.8592E-4,"2023-09-05T16:12:38.288445Z"
"BTC-USD","sell",25784.27,0.09628469,"2023-09-05T16:12:38.903750Z"
"BTC-USD","buy",25787.88,0.01897132,"2023-09-05T16:12:39.320468Z"
"BTC-USD","sell",25785.9,0.00403486,"2023-09-05T16:12:39.353038Z"
"BTC-USD","sell",25785.11,0.09695516,"2023-09-05T16:12:39.562788Z"
"BTC-USD","buy",25784.6,0.00738486,"2023-09-05T16:12:40.914740Z"
"BTC-USD","sell",25784.59,0.0104442,"2023-09-05T16:12:40.968475Z"
"BTC-USD","buy",25784.6,3.859E-5,"2023-09-05T16:12:43.034264Z"
"BTC-USD","sell",25782.92,0.00645324,"2023-09-05T16:12:43.102940Z"
"BTC-USD","sell",25783.31,0.02,"2023-09-05T16:12:47.213516Z"
"BTC-USD","buy",25782.9,0.06867493,"2023-09-05T16:12:49.205025Z"
"BTC-USD","sell",25782.89,0.00968119,"2023-09-05T16:12:49.292510Z"
"BTC-USD","buy",25782.67,0.00578868,"2023-09-05T16:12:50.108849Z"
"BTC-USD","buy",25782.67,7.4222E-4,"2023-09-05T16:12:50.379395Z"
"BTC-USD","buy",25782.67,0.00115805,"2023-09-05T16:12:50.668662Z"
"BTC-USD","buy",25782.66,0.00374351,"2023-09-05T16:12:50.745012Z"
"BTC-USD","buy",25783.37,0.00126742,"2023-09-05T16:12:52.659240Z"
"BTC-USD","sell",25783.25,0.02,"2023-09-05T16:12:53.300208Z"
"BTC-USD","buy",25783.88,8.278E-4,"2023-09-05T16:12:53.810798Z"
"BTC-USD","buy",25783.84,0.00369206,"2023-09-05T16:12:54.168286Z"
"BTC-USD","buy",25783.84,9.2E-6,"2023-09-05T16:12:54.673801Z"
"BTC-USD","sell",25782.86,0.00352554,"2023-09-05T16:12:54.721667Z"
"BTC-USD","buy",25783.86,0.01489132,"2023-09-05T16:12:54.843142Z"
"BTC-USD","sell",25783.35,0.004,"2023-09-05T16:12:54.992505Z"
"BTC-USD","sell",25783.87,0.00206621,"2023-09-05T16:12:55.722647Z"
"BTC-USD","buy",25784.6,0.01292325,"2023-09-05T16:12:55.741414Z"
"BTC-USD","buy",25784.6,3.8534E-4,"2023-09-05T16:12:55.943422Z"
"BTC-USD","buy",25784.6,4.572E-5,"2023-09-05T16:12:55.992376Z"
"BTC-USD","sell",25784.42,0.09695776,"2023-09-05T16:12:56.021987Z"
"BTC-USD","sell",25783.79,0.00917867,"2023-09-05T16:12:56.378857Z"
"BTC-USD","sell",25783.26,5.2772E-4,"2023-09-05T16:12:56.881281Z"
"BTC-USD","buy",25784.57,0.02,"2023-09-05T16:12:57.169038Z"
"BTC-USD","sell",25784.04,8.678E-5,"2023-09-05T16:12:57.588718Z"
"BTC-USD","buy",25784.05,3.45E-5,"2023-09-05T16:12:58.676482Z"
"BTC-USD","sell",25783.99,0.004,"2023-09-05T16:12:59.355053Z"
"BTC-USD","sell",25782.26,0.3878675,"2023-09-05T16:13:02.721178Z"
"BTC-USD","sell",25779.69,0.03,"2023-09-05T16:13:02.811767Z"
"BTC-USD","sell",25778.09,0.03107867,"2023-09-05T16:13:05.191988Z"
"BTC-USD","sell",25776.17,3.4696E-4,"2023-09-05T16:13:05.339544Z"
"BTC-USD","sell",25776.17,0.03,"2023-09-05T16:13:05.360791Z"
"BTC-USD","sell",25772.49,2.171E-5,"2023-09-05T16:13:08.296825Z"
"BTC-USD","buy",25773.59,9.0723E-4,"2023-09-05T16:13:09.310036Z"
"BTC-USD","buy",25773.59,7.7585E-4,"2023-09-05T16:13:13.075789Z"
"BTC-USD","sell",25776.04,0.08098415,"2023-09-05T16:13:13.322173Z"
"BTC-USD","buy",25783.47,0.02787692,"2023-09-05T16:13:15.443077Z"
"BTC-USD","sell",25778.29,0.04761932,"2023-09-05T16:13:15.703923Z"
"BTC-USD","buy",25781.99,0.02720443,"2023-09-05T16:13:15.891235Z"
"BTC-USD","sell",25779.53,0.02119966,"2023-09-05T16:13:15.923788Z"
"BTC-USD","sell",25779.49,0.09697627,"2023-09-05T16:13:16.147623Z"
"BTC-USD","sell",25779.53,0.001,"2023-09-05T16:13:16.598464Z"
"BTC-USD","sell",25779.52,0.09697618,"2023-09-05T16:13:16.638416Z"
"BTC-USD","sell",25781.17,0.09696999,"2023-09-05T16:13:17.181373Z"
"BTC-USD","buy",25782.43,0.00168942,"2023-09-05T16:13:18.272773Z"
"BTC-USD","buy",25782.43,0.00964796,"2023-09-05T16:13:18.845527Z"
"BTC-USD","buy",25782.43,3.316E-5,"2023-09-05T16:13:19.564336Z"
"BTC-USD","buy",25782.43,9.0755E-4,"2023-09-05T16:13:19.674639Z"
"BTC-USD","buy",25782.48,9.01E-6,"2023-09-05T16:13:19.799952Z"
"BTC-USD","sell",25781.52,0.00556198,"2023-09-05T16:13:20.793061Z"
"BTC-USD","sell",25781.2,1.2336E-4,"2023-09-05T16:13:21.122906Z"
"BTC-USD","sell",25782.44,0.01537929,"2023-09-05T16:13:21.923872Z"
"BTC-USD","buy",25782.48,0.00392527,"2023-09-05T16:13:22.127300Z"
"BTC-USD","sell",25781.75,0.005806,"2023-09-05T16:13:22.362327Z"
"BTC-USD","buy",25783.33,7.1075E-4,"2023-09-05T16:13:22.753669Z"
"BTC-USD","sell",25781.64,0.09666974,"2023-09-05T16:13:23.499463Z"
"BTC-USD","buy",25782.43,0.00104953,"2023-09-05T16:13:24.030482Z"
"BTC-USD","buy",25782.43,0.01784753,"2023-09-05T16:13:24.626033Z"
"BTC-USD","buy",25782.43,0.0018435,"2023-09-05T16:13:25.088417Z"
"BTC-USD","buy",25782.43,0.00460015,"2023-09-05T16:13:25.125647Z"
"BTC-USD","buy",25782.43,1.2895E-4,"2023-09-05T16:13:25.599175Z"
"BTC-USD","buy",25782.43,0.00923315,"2023-09-05T16:13:26.826582Z"
"BTC-USD","sell",25779.55,0.01120007,"2023-09-05T16:13:27.559883Z"
"BTC-USD","buy",25781.16,5.9907E-4,"2023-09-05T16:13:28.838625Z"
"BTC-USD","sell",25781.15,0.018,"2023-09-05T16:13:29.785960Z"
"BTC-USD","buy",25780.46,1.01889845,"2023-09-05T16:13:30.076438Z"
"BTC-USD","buy",25780.46,0.23185837,"2023-09-05T16:13:30.092322Z"
"BTC-USD","buy",25780.46,0.50758,"2023-09-05T16:13:30.764368Z"
"BTC-USD","buy",25780.46,0.46362,"2023-09-05T16:13:30.771879Z"
"BTC-USD","buy",25780.46,0.1095,"2023-09-05T16:13:31.127969Z"
"BTC-USD","buy",25780.46,0.0525,"2023-09-05T16:13:31.134021Z"
"BTC-USD","buy",25780.46,0.23224,"2023-09-05T16:13:31.141863Z"
"BTC-USD","buy",25780.46,0.07525999,"2023-09-05T16:13:31.465312Z"
"BTC-USD","buy",25780.46,0.08022,"2023-09-05T16:13:31.471685Z"
"BTC-USD","buy",25780.46,5.079E-4,"2023-09-05T16:13:31.517481Z"
"BTC-USD","sell",25780.45,1.452E-4,"2023-09-05T16:13:31.727834Z"
"BTC-USD","sell",25780.45,1.9587E-4,"2023-09-05T16:13:32.447995Z"
"BTC-USD","sell",25780.45,0.01261656,"2023-09-05T16:13:32.587567Z"
"BTC-USD","sell",25780.45,0.03596694,"2023-09-05T16:13:34.144566Z"
"BTC-USD","buy",25780.46,0.03,"2023-09-05T16:13:34.970470Z"
"BTC-USD","buy",25783.34,0.00249706,"2023-09-05T16:13:35.318109Z"
"BTC-USD","buy",25783.48,0.51184263,"2023-09-05T16:13:35.358860Z"
"BTC-USD","buy",25783.48,0.42301942,"2023-09-05T16:13:35.420429Z"
"BTC-USD","buy",25783.48,0.45071075,"2023-09-05T16:13:35.423993Z"
"BTC-USD","buy",25783.48,0.28131997,"2023-09-05T16:13:35.494203Z"
"BTC-USD","sell",25783.56,0.40650012,"2023-09-05T16:13:35.634872Z"
"BTC-USD","buy",25784.6,0.00292824,"2023-09-05T16:13:36.031234Z"
"BTC-USD","sell",25784.41,0.096,"2023-09-05T16:13:36.271848Z"
"BTC-USD","buy",25784.6,3.567E-5,"2023-09-05T16:13:36.517451Z"
"BTC-USD","buy",25784.6,7.1074E-4,"2023-09-05T16:13:37.810203Z"
"BTC-USD","buy",25784.6,1.129E-4,"2023-09-05T16:13:38.248698Z"
"BTC-USD","buy",25784.6,3.4772E-4,"2023-09-05T16:13:38.656979Z"
"BTC-USD","sell",25784.41,0.04777612,"2023-09-05T16:13:38.964432Z"
"BTC-USD","sell",25784.41,0.00587655,"2023-09-05T16:13:39.544628Z"
"BTC-USD","buy",25784.6,1.038E-5,"2023-09-05T16:13:40.095768Z"
"BTC-USD","buy",25782.69,1.5399E-4,"2023-09-05T16:13:44.027746Z"
"BTC-USD","sell",25783.41,1.95E-4,"2023-09-05T16:13:44.419353Z"
"BTC-USD","sell",25783.75,0.0576506,"2023-09-05T16:13:45.068787Z"
"BTC-USD","sell",25784.02,0.01459174,"2023-09-05T16:13:45.127342Z"
"BTC-USD","buy",25784.84,5.812E-5,"2023-09-05T16:13:45.358855Z"
"BTC-USD","buy",25787.96,6.6292E-4,"2023-09-05T16:13:45.400329Z"
"BTC-USD","buy",25789.45,0.00580477,"2023-09-05T16:13:45.405856Z"
"BTC-USD","sell",25790.27,0.00590554,"2023-09-05T16:13:45.410309Z"
"BTC-USD","buy",25788.95,0.04178427,"2023-09-05T16:13:45.423314Z"
"BTC-USD","buy",25788.95,0.03,"2023-09-05T16:13:45.430316Z"
"BTC-USD","buy",25789.17,0.02,"2023-09-05T16:13:45.438150Z"
"BTC-USD","buy",25790.89,0.001467,"2023-09-05T16:13:46.113737Z"
"BTC-USD","buy",25790.99,0.00356542,"2023-09-05T16:13:46.160568Z"
"BTC-USD","sell",25790.63,0.02,"2023-09-05T16:13:46.214373Z"
"BTC-USD","sell",25790.11,0.21,"2023-09-05T16:13:46.532280Z"
"BTC-USD","buy",25788.95,0.03797687,"2023-09-05T16:13:47.550889Z"
"BTC-USD","buy",25790.93,1.7059E-4,"2023-09-05T16:13:48.787708Z"
"BTC-USD","buy",25791.06,0.004,"2023-09-05T16:13:49.849052Z"
"BTC-USD","sell",25789.83,1.0E-4,"2023-09-05T16:13:49.852859Z"
"BTC-USD","buy",25790.64,0.07460303,"2023-09-05T16:13:49.852978Z"
"BTC-USD","buy",25793.46,0.12470143,"2023-09-05T16:13:49.856933Z"
"BTC-USD","sell",25792.93,0.979806,"2023-09-05T16:13:50.531004Z"
"BTC-USD","sell",25792.55,0.03,"2023-09-05T16:13:50.760709Z"
"BTC-USD","buy",25794.31,0.0149183,"2023-09-05T16:13:51.697822Z"
"BTC-USD","sell",25793.42,0.08002466,"2023-09-05T16:13:51.850697Z"
"BTC-USD","sell",25794.83,0.09691862,"2023-09-05T16:13:53.216954Z"
"BTC-USD","buy",25793.3,3.336E-5,"2023-09-05T16:13:55.174323Z"
"BTC-USD","sell",25792.81,0.01143649,"2023-09-05T16:13:55.434021Z"
"BTC-USD","sell",25793.29,0.05817853,"2023-09-05T16:13:56.379471Z"
"BTC-USD","sell",25793.29,2.0E-4,"2023-09-05T16:13:56.663692Z"
"BTC-USD","buy",25793.3,7.05E-6,"2023-09-05T16:13:57.221512Z"
"BTC-USD","buy",25793.3,0.00767901,"2023-09-05T16:13:58.870498Z"
"BTC-USD","buy",25793.3,0.00264899,"2023-09-05T16:13:59.835532Z"
"BTC-USD","sell",25793.29,3.8938E-4,"2023-09-05T16:14:01.428378Z"
"BTC-USD","buy",25793.3,0.02741618,"2023-09-05T16:14:02.086327Z"
"BTC-USD","buy",25793.3,1.8966E-4,"2023-09-05T16:14:02.147774Z"
"BTC-USD","buy",25793.65,0.0019673,"2023-09-05T16:14:03.595400Z"
"BTC-USD","sell",25793.67,7.0146E-4,"2023-09-05T16:14:04.121968Z"
"BTC-USD","sell",25793.29,6.5E-4,"2023-09-05T16:14:04.173654Z"
"BTC-USD","buy",25793.67,0.00126702,"2023-09-05T16:14:05.004589Z"
"BTC-USD","sell",25793.66,0.09692304,"2023-09-05T16:14:06.012082Z"
"BTC-USD","buy",25793.25,4.2E-6,"2023-09-05T16:14:06.845701Z"
"BTC-USD","sell",25791.95,0.00748676,"2023-09-05T16:14:08.373058Z"
"BTC-USD","sell",25791.95,9.6687E-4,"2023-09-05T16:14:08.404912Z"
"BTC-USD","sell",25791.95,0.01605442,"2023-09-05T16:14:08.522686Z"
"BTC-USD","sell",25791.95,1.5511E-4,"2023-09-05T16:14:09.393341Z"
"BTC-USD","sell",25791.94,0.1275,"2023-09-05T16:14:09.428539Z"
"BTC-USD","sell",25790.06,1.8194E-4,"2023-09-05T16:14:09.570929Z"
"BTC-USD","buy",25790.27,3.4582E-4,"2023-09-05T16:14:09.818147Z"
"BTC-USD","sell",25790.06,0.01670861,"2023-09-05T16:14:10.413011Z"
"BTC-USD","buy",25792.52,9.9832E-4,"2023-09-05T16:14:10.728188Z"
"BTC-USD","buy",25791.92,1.1177E-4,"2023-09-05T16:14:11.565399Z"
"BTC-USD","sell",25791.91,0.01078096,"2023-09-05T16:14:13.166158Z"
"BTC-USD","buy",25791.92,7.7541E-4,"2023-09-05T16:14:13.622531Z"
"BTC-USD","buy",25795.67,8.3204E-4,"2023-09-05T16:14:14.918457Z"
"BTC-USD","sell",25795.66,2.3912E-4,"2023-09-05T16:14:15.458993Z"
"BTC-USD","buy",25795.67,0.00152405,"2023-09-05T16:14:15.583005Z"
"BTC-USD","sell",25794.87,3.1369E-4,"2023-09-05T16:14:15.947864Z"
"BTC-USD","sell",25793.6,0.01328149,"2023-09-05T16:14:16.087097Z"
"BTC-USD","buy",25795.51,5.0427E-4,"2023-09-05T16:14:16.190212Z"
"BTC-USD","buy",25795.49,5.4793E-4,"2023-09-05T16:14:16.589271Z"
"BTC-USD","buy",25795.48,7.4882E-4,"2023-09-05T16:14:17.004422Z"
"BTC-USD","buy",25795.48,3.877E-5,"2023-09-05T16:14:17.082034Z"
"BTC-USD","sell",25795.38,0.03657466,"2023-09-05T16:14:17.140308Z"
"BTC-USD","sell",25794.22,0.09692092,"2023-09-05T16:14:17.292460Z"
"BTC-USD","buy",25793.84,3.877E-5,"2023-09-05T16:14:17.819933Z"
"BTC-USD","buy",25793.81,8.5339E-4,"2023-09-05T16:14:18.991461Z"
"BTC-USD","buy",25793.81,3.078E-5,"2023-09-05T16:14:20.096379Z"
"BTC-USD","sell",25793.8,8.7558E-4,"2023-09-05T16:14:20.282852Z"
"BTC-USD","sell",25793.8,0.07,"2023-09-05T16:14:20.716489Z"
"BTC-USD","sell",25793.8,0.00612442,"2023-09-05T16:14:20.716643Z"
"BTC-USD","sell",25791.64,0.05169829,"2023-09-05T16:14:20.750171Z"
"BTC-USD","sell",25791.54,0.03870804,"2023-09-05T16:14:20.750266Z"
"BTC-USD","sell",25791.34,0.004,"2023-09-05T16:14:22.574649Z"
"BTC-USD","sell",25791.18,0.01152348,"2023-09-05T16:14:23.094255Z"
"BTC-USD","sell",25791.18,0.01926064,"2023-09-05T16:14:24.267159Z"
"BTC-USD","sell",25791.18,0.001,"2023-09-05T16:14:24.315449Z"
"BTC-USD","sell",25791.18,0.0050491,"2023-09-05T16:14:25.526232Z"
"BTC-USD","sell",25791.18,0.0019882,"2023-09-05T16:14:25.966654Z"
"BTC-USD","sell",25791.18,0.004,"2023-09-05T16:14:26.383512Z"
"BTC-USD","buy",25790.73,6.65E-6,"2023-09-05T16:14:26.597996Z"
"BTC-USD","sell",25790.72,0.09693409,"2023-09-05T16:14:26.658276Z"
"BTC-USD","buy",25790.42,0.00440562,"2023-09-05T16:14:28.163640Z"
"BTC-USD","sell",25789.33,0.2,"2023-09-05T16:14:32.401492Z"
"BTC-USD","sell",25789.27,0.04,"2023-09-05T16:14:32.446744Z"
"BTC-USD","sell",25789.27,0.00929268,"2023-09-05T16:14:32.446763Z"
"BTC-USD","sell",25788.75,0.03,"2023-09-05T16:14:32.496630Z"
"BTC-USD","sell",25788.75,9.4198E-4,"2023-09-05T16:14:32.496653Z"
"BTC-USD","buy",25786.5,4.2475E-4,"2023-09-05T16:14:33.196768Z"
"BTC-USD","buy",25786.5,0.01210096,"2023-09-05T16:14:33.321116Z"
"BTC-USD","sell",25786.49,3.925E-4,"2023-09-05T16:14:33.861888Z"
"BTC-USD","buy",25786.5,0.00385942,"2023-09-05T16:14:34.041863Z"
"BTC-USD","buy",25788.21,3.7766E-4,"2023-09-05T16:14:34.132962Z"
"BTC-USD","buy",25788.21,3.8E-7,"2023-09-05T16:14:34.169342Z"
"BTC-USD","sell",25787.38,4.6993E-4,"2023-09-05T16:14:34.949245Z"
"BTC-USD","buy",25788.21,4.1943E-4,"2023-09-05T16:14:37.009747Z"
"BTC-USD","sell",25786.58,0.05546539,"2023-09-05T16:14:37.320749Z"
"BTC-USD","sell",25786.98,0.01958142,"2023-09-05T16:14:38.255328Z"
"BTC-USD","sell",25787.6,2.3923E-4,"2023-09-05T16:14:38.815980Z"
"BTC-USD","buy",25787.62,0.00168944,"2023-09-05T16:14:39.736717Z"
"BTC-USD","buy",25788.21,0.03401943,"2023-09-05T16:14:41.101551Z"
"BTC-USD","buy",25788.21,2.109E-5,"2023-09-05T16:14:42.262964Z"
"BTC-USD","sell",25788.2,0.01464457,"2023-09-05T16:14:43.203646Z"
"BTC-USD","buy",25791.18,0.01559069,"2023-09-05T16:14:43.717619Z"
"BTC-USD","sell",25789.76,6.6259E-4,"2023-09-05T16:14:43.748289Z"
"BTC-USD","sell",25789.78,0.03072425,"2023-09-05T16:14:43.970809Z"
"BTC-USD","sell",25790.28,0.3,"2023-09-05T16:14:44.390396Z"
"BTC-USD","buy",25791.19,0.00629022,"2023-09-05T16:14:44.638868Z"
"BTC-USD","buy",25791.96,0.15495541,"2023-09-05T16:14:44.949760Z"
"BTC-USD","sell",25791.41,8.4114E-4,"2023-09-05T16:14:44.980336Z"
"BTC-USD","buy",25793.58,3.4587E-4,"2023-09-05T16:14:45.291672Z"
"BTC-USD","sell",25795.01,0.049,"2023-09-05T16:14:45.936485Z"
"BTC-USD","buy",25795.45,0.0178677,"2023-09-05T16:14:47.975862Z"
"BTC-USD","buy",25795.45,3.006E-5,"2023-09-05T16:14:48.422811Z"
"BTC-USD","sell",25795.44,0.0038969,"2023-09-05T16:14:49.065372Z"
"BTC-USD","buy",25795.45,0.01862917,"2023-09-05T16:14:49.203880Z"
"BTC-USD","buy",25795.49,9.026E-4,"2023-09-05T16:14:49.486115Z"
"BTC-USD","sell",25795.01,0.04819068,"2023-09-05T16:14:49.583272Z"
"BTC-USD","sell",25794.93,0.09691824,"2023-09-05T16:14:49.805808Z"
"BTC-USD","buy",25795.49,0.00978655,"2023-09-05T16:14:56.378614Z"
"BTC-USD","buy",25795.49,5.6724E-4,"2023-09-05T16:14:57.147414Z"
"BTC-USD","buy",25795.49,0.00165114,"2023-09-05T16:14:58.490895Z"
"BTC-USD","buy",25795.67,2.0627E-4,"2023-09-05T16:15:00.253423Z"
"BTC-USD","sell",25796.9,0.00265464,"2023-09-05T16:15:00.281061Z"
"BTC-USD","sell",25795.91,0.09308628,"2023-09-05T16:15:00.372761Z"
"BTC-USD","sell",25796.63,0.09691188,"2023-09-05T16:15:00.599059Z"
"BTC-USD","sell",25796.22,0.00126826,"2023-09-05T16:15:01.098020Z"
"BTC-USD","buy",25796.59,0.01919014,"2023-09-05T16:15:02.001650Z"
"BTC-USD","sell",25796.59,8.2731E-4,"2023-09-05T16:15:02.866321Z"
"BTC-USD","sell",25796.59,3.8923E-4,"2023-09-05T16:15:02.920697Z"
"BTC-USD","buy",25796.6,3.838E-5,"2023-09-05T16:15:03.380424Z"
"BTC-USD","buy",25796.6,1.0573E-4,"2023-09-05T16:15:04.431858Z"
"BTC-USD","sell",25796.59,0.0018,"2023-09-05T16:15:04.703883Z"
"BTC-USD","sell",25796.59,0.12236958,"2023-09-05T16:15:04.817844Z"
"BTC-USD","buy",25796.6,0.00204593,"2023-09-05T16:15:04.848995Z"
"BTC-USD","sell",25796.59,0.035,"2023-09-05T16:15:05.342385Z"
"BTC-USD","buy",25796.6,3.4754E-4,"2023-09-05T16:15:06.946404Z"
"BTC-USD","buy",25796.6,1.1224E-4,"2023-09-05T16:15:09.476320Z"
"BTC-USD","sell",25796.59,0.00150461,"2023-09-05T16:15:09.716016Z"
"BTC-USD","buy",25798.93,0.08331569,"2023-09-05T16:15:12.412240Z"
"BTC-USD","sell",25797.76,0.52327367,"2023-09-05T16:15:12.631362Z"
"BTC-USD","sell",25796.59,4.77E-5,"2023-09-05T16:15:13.054734Z"
"BTC-USD","buy",25796.6,0.0075319,"2023-09-05T16:15:13.536932Z"
"BTC-USD","buy",25797.45,0.03902761,"2023-09-05T16:15:14.090769Z"
"BTC-USD","buy",25797.54,7.749E-5,"2023-09-05T16:15:14.154671Z"
"BTC-USD","buy",25796.99,6.7198E-4,"2023-09-05T16:15:14.739123Z"
"BTC-USD","buy",25796.99,0.02097236,"2023-09-05T16:15:15.042432Z"
"BTC-USD","sell",25796.98,0.00203034,"2023-09-05T16:15:15.657393Z"
"BTC-USD","buy",25796.99,0.0014109,"2023-09-05T16:15:15.731878Z"
"BTC-USD","sell",25796.98,0.00575097,"2023-09-05T16:15:17.193576Z"
"BTC-USD","buy",25797.24,0.00257605,"2023-09-05T16:15:17.321826Z"
"BTC-USD","sell",25797.23,0.02,"2023-09-05T16:15:17.424001Z"
"BTC-USD","sell",25797.22,6.3748E-4,"2023-09-05T16:15:18.970124Z"
"BTC-USD","sell",25797.22,0.0023759,"2023-09-05T16:15:20.095640Z"
"BTC-USD","sell",25796.59,7.078E-4,"2023-09-05T16:15:20.784327Z"
"BTC-USD","sell",25795.7,0.07419933,"2023-09-05T16:15:22.722260Z"
"BTC-USD","sell",25795.7,0.004,"2023-09-05T16:15:22.722445Z"
"BTC-USD","sell",25795.34,0.14745901,"2023-09-05T16:15:22.736262Z"
"BTC-USD","sell",25795.34,0.17141249,"2023-09-05T16:15:22.739942Z"
"BTC-USD","sell",25795.21,0.04660828,"2023-09-05T16:15:22.747929Z"
"BTC-USD","sell",25793.8,0.06726378,"2023-09-05T16:15:22.891777Z"
"BTC-USD","buy",25793.4,7.1395E-4,"2023-09-05T16:15:23.290204Z"
"BTC-USD","sell",25793.39,0.03,"2023-09-05T16:15:24.153646Z"
"BTC-USD","sell",25793.39,3.7695E-4,"2023-09-05T16:15:24.190292Z"
"BTC-USD","sell",25790.64,0.026,"2023-09-05T16:15:24.198470Z"
"BTC-USD","buy",25790.74,5.5685E-4,"2023-09-05T16:15:24.418516Z"
"BTC-USD","buy",25790.74,0.00394823,"2023-09-05T16:15:24.861458Z"
"BTC-USD","sell",25790.73,0.02642671,"2023-09-05T16:15:26.533939Z"
"BTC-USD","buy",25791.49,0.00191901,"2023-09-05T16:15:28.261594Z"
"BTC-USD","buy",25791.45,9.0223E-4,"2023-09-05T16:15:28.293273Z"
"BTC-USD","buy",25794.27,0.02083473,"2023-09-05T16:15:29.733843Z"
"BTC-USD","buy",25793.9,0.0378128,"2023-09-05T16:15:29.792322Z"
"BTC-USD","sell",25794.66,0.09446481,"2023-09-05T16:15:30.433700Z"
"BTC-USD","sell",25794.65,9.69E-4,"2023-09-05T16:15:30.651028Z"
"BTC-USD","buy",25794.44,1.1406E-4,"2023-09-05T16:15:30.926321Z"
"BTC-USD","sell",25793.96,0.0125511,"2023-09-05T16:15:30.961122Z"
"BTC-USD","sell",25793.96,0.001,"2023-09-05T16:15:31.966546Z"
"BTC-USD","buy",25794.66,0.00126712,"2023-09-05T16:15:33.767173Z"
"BTC-USD","sell",25793.58,0.00171487,"2023-09-05T16:15:34.151931Z"
"BTC-USD","buy",25796.17,0.05317683,"2023-09-05T16:15:35.174604Z"
"BTC-USD","buy",25794.83,0.03,"2023-09-05T16:15:35.183249Z"
"BTC-USD","sell",25795.98,0.145,"2023-09-05T16:15:35.442673Z"
"BTC-USD","buy",25795.98,0.00372343,"2023-09-05T16:15:35.715408Z"
"BTC-USD","buy",25795.96,0.00922801,"2023-09-05T16:15:36.778727Z"
"BTC-USD","sell",25795.95,0.004,"2023-09-05T16:15:36.962606Z"
"BTC-USD","sell",25794.6,0.35540755,"2023-09-05T16:15:37.833519Z"
"BTC-USD","sell",25794.61,0.05807039,"2023-09-05T16:15:37.847069Z"
"BTC-USD","buy",25792.02,4.6E-5,"2023-09-05T16:15:38.794953Z"
"BTC-USD","sell",25792.01,0.03107946,"2023-09-05T16:15:41.224195Z"
"BTC-USD","buy",25791.7,3.858E-4,"2023-09-05T16:15:42.472773Z"
"BTC-USD","buy",25791.7,0.0103083,"2023-09-05T16:15:42.552655Z"
"BTC-USD","buy",25791.7,7.75E-6,"2023-09-05T16:15:42.588782Z"
"BTC-USD","buy",25791.7,1.8773E-4,"2023-09-05T16:15:45.937155Z"
"BTC-USD","sell",25791.42,0.03877073,"2023-09-05T16:15:45.980631Z"
"BTC-USD","sell",25791.51,0.09665826,"2023-09-05T16:15:46.759841Z"
"BTC-USD","sell",25791.6,0.04306949,"2023-09-05T16:15:46.982681Z"
"BTC-USD","sell",25792.01,0.004,"2023-09-05T16:15:47.068198Z"
"BTC-USD","buy",25793.01,3.0919E-4,"2023-09-05T16:15:47.330210Z"
"BTC-USD","sell",25791.51,0.09527593,"2023-09-05T16:15:47.375614Z"
"BTC-USD","buy",25793.0,0.00922683,"2023-09-05T16:15:47.512706Z"
"BTC-USD","buy",25793.97,0.00372288,"2023-09-05T16:15:48.738588Z"
"BTC-USD","buy",25796.01,0.003309,"2023-09-05T16:15:49.134230Z"
"BTC-USD","sell",25794.34,0.02873512,"2023-09-05T16:15:49.277824Z"
"BTC-USD","sell",25794.43,0.07460303,"2023-09-05T16:15:49.502661Z"
"BTC-USD","buy",25793.35,2.026E-5,"2023-09-05T16:15:50.714395Z"
"BTC-USD","sell",25793.17,1.0,"2023-09-05T16:15:50.905359Z"
"BTC-USD","sell",25790.4,0.05961382,"2023-09-05T16:15:51.985789Z"
"BTC-USD","sell",25790.39,1.8848E-4,"2023-09-05T16:15:51.985984Z"
"BTC-USD","sell",25789.3,0.09,"2023-09-05T16:15:51.992340Z"
"BTC-USD","sell",25789.34,0.09,"2023-09-05T16:15:51.992400Z"
"BTC-USD","sell",25789.34,0.41,"2023-09-05T16:15:52.031534Z"
"BTC-USD","buy",25788.21,2.5097E-4,"2023-09-05T16:15:52.953893Z"
"BTC-USD","buy",25788.21,3.8572E-4,"2023-09-05T16:15:54.867459Z"
"BTC-USD","sell",25788.4,0.00389146,"2023-09-05T16:15:55.390558Z"
"BTC-USD","sell",25788.2,3.5669E-4,"2023-09-05T16:15:55.631307Z"
"BTC-USD","sell",25788.4,4.3599E-4,"2023-09-05T16:15:56.778362Z"
"BTC-USD","sell",25787.6,4.8487E-4,"2023-09-05T16:15:58.192313Z"
"BTC-USD","buy",25786.16,0.00199637,"2023-09-05T16:15:58.795290Z"
"BTC-USD","buy",25786.18,0.04,"2023-09-05T16:16:00.688910Z"
"BTC-USD","sell",25789.11,0.209,"2023-09-05T16:16:01.003087Z"
"BTC-USD","sell",25789.15,0.04,"2023-09-05T16:16:01.218631Z"
"BTC-USD","sell",25789.15,1.1406E-4,"2023-09-05T16:16:01.844764Z"
"BTC-USD","sell",25785.69,0.00110494,"2023-09-05T16:16:04.708785Z"
"BTC-USD","sell",25785.23,0.00102554,"2023-09-05T16:16:04.808201Z"
"BTC-USD","buy",25784.69,0.00325593,"2023-09-05T16:16:05.868457Z"
"BTC-USD","buy",25784.64,0.00767793,"2023-09-05T16:16:07.362476Z"
"BTC-USD","buy",25784.64,0.0071907,"2023-09-05T16:16:07.815016Z"
"BTC-USD","sell",25783.22,0.00193847,"2023-09-05T16:16:08.709248Z"
"BTC-USD","buy",25783.23,0.01234069,"2023-09-05T16:16:09.220514Z"
"BTC-USD","buy",25783.23,0.10025202,"2023-09-05T16:16:09.495870Z"
"BTC-USD","sell",25783.22,0.00206153,"2023-09-05T16:16:10.151678Z"
"BTC-USD","buy",25782.9,0.00383905,"2023-09-05T16:16:10.761431Z"
"BTC-USD","sell",25782.9,0.01236561,"2023-09-05T16:16:11.598648Z"
"BTC-USD","buy",25783.26,0.00145712,"2023-09-05T16:16:11.934973Z"
"BTC-USD","sell",25783.25,1.0,"2023-09-05T16:16:12.273538Z"
"BTC-USD","buy",25783.2,0.00374333,"2023-09-05T16:16:12.912488Z"
"BTC-USD","buy",25783.18,1.5474E-4,"2023-09-05T16:16:13.675216Z"
"BTC-USD","buy",25782.91,1.9291E-4,"2023-09-05T16:16:13.841649Z"
"BTC-USD","buy",25782.91,3.8769E-4,"2023-09-05T16:16:15.599730Z"
"BTC-USD","buy",25782.91,0.00333611,"2023-09-05T16:16:16.431241Z"
"BTC-USD","buy",25782.91,0.00157452,"2023-09-05T16:16:17.368993Z"
"BTC-USD","sell",25782.9,0.00970572,"2023-09-05T16:16:17.476900Z"
"BTC-USD","buy",25782.91,0.00148515,"2023-09-05T16:16:18.847609Z"
"BTC-USD","sell",25782.89,1.07762626,"2023-09-05T16:16:18.857574Z"
"BTC-USD","sell",25782.89,0.42237374,"2023-09-05T16:16:18.860909Z"
"BTC-USD","buy",25779.63,9.0709E-4,"2023-09-05T16:16:20.232952Z"
"BTC-USD","buy",25779.63,3.2137E-4,"2023-09-05T16:16:20.869796Z"
"BTC-USD","buy",25779.63,7.1426E-4,"2023-09-05T16:16:20.980091Z"
"BTC-USD","buy",25779.85,0.0030716,"2023-09-05T16:16:21.384353Z"
"BTC-USD","sell",25779.67,0.004,"2023-09-05T16:16:22.115389Z"
"BTC-USD","sell",25779.67,0.148,"2023-09-05T16:16:22.115425Z"
"BTC-USD","buy",25778.23,0.00644777,"2023-09-05T16:16:23.384311Z"
"BTC-USD","buy",25778.56,0.01623222,"2023-09-05T16:16:24.673520Z"
"BTC-USD","sell",25778.71,0.24574685,"2023-09-05T16:16:26.200064Z"
"BTC-USD","sell",25778.71,1.4915E-4,"2023-09-05T16:16:26.430893Z"
"BTC-USD","sell",25778.69,4.6E-5,"2023-09-05T16:16:28.118356Z"
"BTC-USD","sell",25778.69,1.2966E-4,"2023-09-05T16:16:28.521481Z"
"BTC-USD","sell",25778.69,9.348E-5,"2023-09-05T16:16:28.743126Z"
"BTC-USD","buy",25780.81,0.00241627,"2023-09-05T16:16:29.249159Z"
"BTC-USD","buy",25780.76,0.00257365,"2023-09-05T16:16:29.276265Z"
"BTC-USD","buy",25780.74,7.527E-5,"2023-09-05T16:16:29.313203Z"
"BTC-USD","sell",25778.7,0.03860339,"2023-09-05T16:16:29.335161Z"
"BTC-USD","buy",25781.18,0.004,"2023-09-05T16:16:30.656811Z"
"BTC-USD","buy",25783.36,0.22718078,"2023-09-05T16:16:30.660305Z"
"BTC-USD","sell",25783.86,9.7E-4,"2023-09-05T16:16:31.011719Z"
"BTC-USD","sell",25784.24,9.795E-5,"2023-09-05T16:16:31.429487Z"
"BTC-USD","sell",25785.04,1.1793E-4,"2023-09-05T16:16:31.716209Z"
"BTC-USD","buy",25784.11,0.00143025,"2023-09-05T16:16:33.184519Z"
"BTC-USD","buy",25783.25,0.00184347,"2023-09-05T16:16:34.033801Z"
"BTC-USD","sell",25782.69,1.9773E-4,"2023-09-05T16:16:35.631645Z"
"BTC-USD","buy",25783.91,0.00154887,"2023-09-05T16:16:36.140577Z"
"BTC-USD","buy",25783.91,3.879E-5,"2023-09-05T16:16:36.191159Z"
"BTC-USD","sell",25783.9,9.6538E-4,"2023-09-05T16:16:37.229363Z"
"BTC-USD","buy",25785.97,0.00756542,"2023-09-05T16:16:37.939301Z"
"BTC-USD","buy",25785.92,4.013E-5,"2023-09-05T16:16:38.216540Z"
"BTC-USD","sell",25784.62,0.01364547,"2023-09-05T16:16:38.290832Z"
"BTC-USD","buy",25785.89,0.0010369,"2023-09-05T16:16:38.607374Z"
"BTC-USD","buy",25785.89,0.00374376,"2023-09-05T16:16:38.717459Z"
"BTC-USD","sell",25785.83,0.001,"2023-09-05T16:16:39.628268Z"
"BTC-USD","buy",25785.84,0.00414735,"2023-09-05T16:16:39.823420Z"
"BTC-USD","sell",25784.54,0.01433731,"2023-09-05T16:16:40.121861Z"
"BTC-USD","buy",25785.18,0.00406221,"2023-09-05T16:16:40.922646Z"
"BTC-USD","buy",25785.18,7.6212E-4,"2023-09-05T16:16:41.069783Z"
"BTC-USD","sell",25784.54,0.08261998,"2023-09-05T16:16:41.175506Z"
"BTC-USD","sell",25784.13,0.00233077,"2023-09-05T16:16:41.216823Z"
"BTC-USD","buy",25785.18,0.00384025,"2023-09-05T16:16:41.251910Z"
"BTC-USD","sell",25784.13,1.41499853,"2023-09-05T16:16:41.413224Z"
"BTC-USD","buy",25786.21,0.01338206,"2023-09-05T16:16:42.803881Z"
"BTC-USD","sell",25785.36,0.09619897,"2023-09-05T16:16:43.743196Z"
"BTC-USD","buy",25786.96,3.8588E-4,"2023-09-05T16:16:44.243751Z"
"BTC-USD","buy",25786.92,0.00902009,"2023-09-05T16:16:45.378022Z"
"BTC-USD","buy",25786.92,0.00134069,"2023-09-05T16:16:46.092859Z"
"BTC-USD","buy",25786.92,5.759E-4,"2023-09-05T16:16:46.308798Z"
"BTC-USD","buy",25788.53,0.08546674,"2023-09-05T16:16:47.287539Z"
"BTC-USD","buy",25789.15,0.03877837,"2023-09-05T16:16:47.287628Z"
"BTC-USD","buy",25789.84,0.08366457,"2023-09-05T16:16:47.290566Z"
"BTC-USD","sell",25786.91,0.154806,"2023-09-05T16:16:47.294102Z"
"BTC-USD","buy",25789.95,0.00476533,"2023-09-05T16:16:47.352128Z"
"BTC-USD","buy",25789.95,0.00105624,"2023-09-05T16:16:47.479892Z"
"BTC-USD","buy",25789.95,0.01644296,"2023-09-05T16:16:47.510722Z"
"BTC-USD","sell",25789.94,0.09693702,"2023-09-05T16:16:47.631083Z"
"BTC-USD","sell",25786.77,2.3348E-4,"2023-09-05T16:16:48.138338Z"
"BTC-USD","buy",25786.78,0.00134409,"2023-09-05T16:16:50.418106Z"
"BTC-USD","sell",25786.77,1.6661E-4,"2023-09-05T16:16:51.093689Z"
"BTC-USD","sell",25786.77,0.002,"2023-09-05T16:16:52.453107Z"
"BTC-USD","sell",25786.42,0.00361101,"2023-09-05T16:16:53.997302Z"
"BTC-USD","sell",25785.42,0.06869357,"2023-09-05T16:16:55.429840Z"
"BTC-USD","buy",25786.29,0.00196795,"2023-09-05T16:16:55.483439Z"
"BTC-USD","buy",25786.16,0.00409788,"2023-09-05T16:16:56.449448Z"
"BTC-USD","sell",25786.15,0.01161736,"2023-09-05T16:16:57.843621Z"
"BTC-USD","sell",25786.15,0.00387801,"2023-09-05T16:16:58.221550Z"
"BTC-USD","buy",25786.16,0.18914049,"2023-09-05T16:16:58.283628Z"
"BTC-USD","buy",25786.16,0.00372452,"2023-09-05T16:16:58.376020Z"
"BTC-USD","sell",25786.15,9.404E-5,"2023-09-05T16:16:58.566256Z"
"BTC-USD","buy",25786.16,4.572E-4,"2023-09-05T16:16:58.707047Z"
"BTC-USD","buy",25786.16,0.00184318,"2023-09-05T16:16:58.794693Z"
"BTC-USD","buy",25786.16,0.00142088,"2023-09-05T16:17:00.288880Z"
"BTC-USD","buy",25786.16,0.00148731,"2023-09-05T16:17:05.732434Z"
"BTC-USD","buy",25786.16,0.00586873,"2023-09-05T16:17:05.850729Z"
"BTC-USD","buy",25786.16,0.01229477,"2023-09-05T16:17:06.927972Z"
